@article{carvalho2015sentilex,
  title={SentiLex-PT: Principais caracter{\'\i}sticas e potencialidades},
  author={Carvalho, Paula and Silva, M{\'a}rio J},
  journal={Oslo Studies in Language},
  volume={7},
  number={1},
  year={2015}
}
@article{Pang:2008:OMS:1454711.1454712,
 author = {Pang, Bo and Lee, Lillian},
 title = {Opinion Mining and Sentiment Analysis},
 journal = {Found. Trends Inf. Retr.},
 issue_date = {January 2008},
 volume = {2},
 number = {1-2},
 month = jan,
 year = {2008},
 issn = {1554-0669},
 pages = {1--135},
 numpages = {135},
 url = {http://dx.doi.org/10.1561/1500000011},
 doi = {10.1561/1500000011},
 acmid = {1454712},
 publisher = {Now Publishers Inc.},
 address = {Hanover, MA, USA},
}
@article{Miller:1995:WLD:219717.219748,
 author = {Miller, George A.},
 title = {WordNet: A Lexical Database for English},
 journal = {Commun. ACM},
 issue_date = {Nov. 1995},
 volume = {38},
 number = {11},
 month = nov,
 year = {1995},
 issn = {0001-0782},
 pages = {39--41},
 numpages = {3},
 url = {http://doi.acm.org/10.1145/219717.219748},
 doi = {10.1145/219717.219748},
 acmid = {219748},
 publisher = {ACM},
 address = {New York, NY, USA},
}
@misc{sentilexpt,
author = {Carvalho, Paula and Silva, M{\'a}rio J},
keywords = {},
title = {SentiLex-PT 02 Website},
url = {http://dmir.inesc-id.pt/project/SentiLex-PT_02},
year = {2010}
}
@misc{wordnetpr,
author = {Princeton University},
keywords = {},
title = {About WordNet},
url = {http://wordnet.princeton.edu/},
urldate = {10/08/2014},
year = {2010}
}
@misc{wordnetbr,
author = {Bento Carlos Dias da Silva,Carolina Scarton},
keywords = {},
title = {{WordNet.Br}},
url = {http://143.107.183.175:21380/wordnetbr/},
urldate = {10/08/2014},
year = {2005}
}
@article{Cruvinel,
    author = "Gustavo Warzocha Fernandes Cruvinel",
    title  = "Análise de sentimentos em redes sociais digitais: Uma aplicação no contexto político",
    year   = "2014",
    Url   = "https://www.academia.edu/7882935/An%C3%A1lise_de_Sentimentos_em_Redes_Sociais_Digitais_-_Uma_aplica%C3%A7%C3%A3o_no_contexto_pol%C3%ADtico"
}
@MASTERSTHESIS {svab2014,
    author = "Haydée Svab",
    title  = "Espaço Digital e Participação Real",
    school = "Faculdade de Filosofia e Ciências Humanas da Universidade Federal de Minas Gerais",
    year   = "2014",
    type   = "Monografia",
    note   = "Programa de Pós-Graduação em Democracia Participativa, República e Movimentos
Sociais"
}
@article{sugimori1977toyota,
  title={Toyota production system and kanban system materialization of just-in-time and respect-for-human system},
  author={Sugimori, Y and Kusunoki, K and Cho, F and Uchikawa, S},
  journal={The International Journal of Production Research},
  volume={15},
  number={6},
  pages={553--564},
  year={1977},
  publisher={Taylor \& Francis}
}
@TECHREPORT {rabatone2015,
    author      = "Diego Rabatone Oliveira",
    title       = "Produto 1 - Relatório contendo avaliação e propostas de melhorias técnicas para ferramentas e aplicações de consulta pública, incluindo plugins",
    institution = "Secretaria de Assuntos Legislativos do Ministério da Justiça (SAL/MJ)",
    year        = "2015",
    type        = "Relatório Técnico",
    number      = "1",
    note        = "https://github.com/diraol/PNUD-2015-000042-00/blob/master/produto01.pdf"
}
@Book{ARENDT2005,
  Title                    = {{A Condi\c{c}\~{a}o Humana}},
  Author                   = {Arendt, Hannah},
  Publisher                = {Forense Universit\'{a}ria},
  Year                     = {2005},

  Address                  = {Rio de Janeiro},
  Edition                  = {10ª},

  Keywords                 = {FAFICH,filosofia,monografia},
  Mendeley-tags            = {FAFICH,filosofia,monografia},
  Pages                    = {352}
}

@TechReport{AVRITZER2012,
  Title                    = {{Confer\^{e}ncias Nacionais: Ampliando e Redefinindo os Padr\~{o}es de Participa\c{c}\~{a}o Social no Brasil}},
  Author                   = {Avritzer, Leonardo},
  Institution              = {IPEA - Instituto de Pesquisa Econ\^{o}mica Aplicada},
  Year                     = {2012},

  Address                  = {Rio de Janeiro},

  Abstract                 = {As confer\^{e}ncias nacionais se tornaram a mais importante e abrangente pol\'{i}tica participativa do Brasil. O pa\'{i}s desenvolve uma tradi\c{c}\~{a}o de confer\^{e}ncias nacionais desde o in\'{i}cio dos anos 1940, quando o governo Vargas convocou uma primeira confer\^{e}ncia nacional de sa\'{u}de. Mais recentemente, a partir de 1988, as formas de participa\c{c}\~{a}o da sociedade civil previstas pela Constitui\c{c}\~{a}o nas \'{a}reas de sa\'{u}de e assist\^{e}ncia social levaram \`{a} institucionaliza\c{c}\~{a}o das confer\^{e}ncias nacionais. No entanto, o grande impulso conferido \`{a}s confer\^{e}ncias nacionais ocorreu depois de 2003, com a elei\c{c}\~{a}o de Luiz In\'{a}cio Lula da Silva para presidente. Nos \'{u}ltimos 20 anos, 80 delas foram realizadas: 21 na \'{a}rea da sa\'{u}de; 20 relacionadas aos temas das minorias; 6 relativas ao meio ambiente; 22 a respeito da economia, do Estado e do desenvolvimento; 17 sobre educa\c{c}\~{a}o, cultura e assist\^{e}ncia social; e 11 sobre direitos humanos. Este artigo apresenta os resultados de uma pesquisa nacional, realizada em julho de 2011, a partir de uma amostra de 2.200 respondentes. Seus resultados mostram que o padr\~{a}o de participa\c{c}\~{a}o inclusiva que surgiu ao n\'{i}vel local, no Brasil, est\'{a} se expandindo para o n\'{i}vel nacional.},
  File                     = {:home/haydee/\'{A}rea de trabalho/Ref\_bib/Avritzer\_2012.pdf:pdf},
  Keywords                 = {FAFICH,confer\^{e}ncias nacionais,delibera\c{c}\~{a}o,efetividade,monografia,participa\c{c}\~{a}o,participa\c{c}\~{a}o social},
  Mendeley-tags            = {FAFICH,monografia,participa\c{c}\~{a}o social},
  Pages                    = {28},
  Url                      = {http://www.ipea.gov.br/portal/images/stories/PDFs/TDs/td\_1739.pdf}
}

@Article{AVRITZER2007,
  Title                    = {{Sociedade Civil, Institui\c{c}\~{o}es Participativas e Representa\c{c}\~{a}o: Da Autoriza\c{c}\~{a}o \`{a} Legitimidade da A\c{c}\~{a}o}},
  Author                   = {Avritzer, Leonardo},
  Journal                  = {DADOS – Revista de Ci\^{e}ncias Sociais},
  Year                     = {2007},
  Number                   = {3},
  Pages                    = {443--464},
  Volume                   = {50},

  Address                  = {Rio de Janeiro},
  Url                      = {http://www.scielo.br/pdf/dados/v50n3/01.pdf}
}

@Unpublished{AVRITZER2005,
  Title                    = {{Sociedade Civil e Participa\c{c}\~{a}o Social no Brasil}},
  Author                   = {Avritzer, Leonardo},
  Year                     = {2005},

  Address                  = {Belo Horizonte},
  Booktitle                = {Texto preparado para a coordena\c{c}\~{a}o da \'{a}rea social do projeto Brasil em Tr\^{e}s Tempos},
  File                     = {:home/haydee/\'{A}rea de trabalho/Ref\_bib/Avritzer\_2005.pdf:pdf},
  Institution              = {Universidade Federal da Minas Gerais - UFMG},
  Pages                    = {1--37},
  Url                      = {http://ligiatavares.com/gerencia/uploads/arquivos/1b1f265f82523b57537f1cfac0b66dee.pdf}
}

@Misc{AVRITZER2003,
  Title                    = {{Para ampliar o c\^{a}none democr\'{a}tico}},

  Author                   = {Avritzer, Leonardo and Santos, Boaventura De Sousa},
  Year                     = {2003},

  File                     = {:home/haydee/\'{A}rea de trabalho/Ref\_bib/Avritzer, Santos\_2003.pdf:pdf},
  Keywords                 = {FAFICH,democracia,monografia},
  Mendeley-tags            = {FAFICH,democracia,monografia},
  Pages                    = {1--30},
  Url                      = {http://www.eurozine.com/pdf/2003-11-03-santos-pt.pdf},
  Urldate                  = {25 de maio de 2014}
}

@Book{BABBIE1999,
  Title                    = {M\'{e}todos de pesquisa de survey},
  Author                   = {Babbie, Earl},
  Editor                   = {Tradu\c{c}\~{a}o de Guilherme Cezarino},
  Publisher                = {Editora UFMG},
  Year                     = {1999},

  Address                  = {Belo Horizonte},

  Owner                    = {haydee},
  Timestamp                = {2014.10.07}
}

@InCollection{BAIOCCHI2003,
  Title                    = {{Participation, Activism, and Politics: The Porto Alegre Experiment}},
  Author                   = {Baiocchi, Gianpaolo},
  Booktitle                = {Deepening Democracy: Institutional Innovations in Empowered Participatory Governance - The Real Utopias Project IV|},
  Publisher                = {Verso},
  Year                     = {2003},

  Address                  = {London},
  Editor                   = {Fung, Archon and Olin, Wright Erik},
  Pages                    = {45--76},

  Keywords                 = {FAFICH,governan\c{c}a,monografia},
  Mendeley-tags            = {FAFICH,governan\c{c}a,monografia},
  Url                      = {http://archonfung.net/docs/DeepeningDemocracyAll.pdf}
}

@Article{BANI2012,
  Title                    = {{Crowdsourcing Democracy: the Case of Icelandic Social Constitutionalism}},
  Author                   = {Bani, Marco},
  Journal                  = {Politics and Policy in the Information Age},
  Year                     = {2012},
  Pages                    = {1--20},

  Abstract                 = {The explosion of social media has fundamentally changed every aspect of daily life: relationships with people, businesses and even institutions. More and more politicians are exploiting social media to get closer to their citizens and make their operations more transparent and open, while the more established democracies show a distinct lack of political participation by citizens, manifested in the collapse of turnout in elections, a decline of community life and the growing cynicism and distrust of political parties and institutions. However, the public agents who have enabled real participatory tools designed to share the production of public policies are rare, mostly covering an urban context. Although, there are those who used the Internet and social media even for drafting a new Constitution. It is the case of Iceland, who faced a deep financial crisis that has led to the failure of the three largest banks in the country and the ensuing economic collapse. Provided that Iceland has decided to rewrite its Constitution, in order to avoid previous mistakes and restore hope to the new political order in acute deficit of trust as a result of faulty behaviors and misconducts. The element that makes the whole process unique is the way about the new Constitution was drafted: a grassroots participation, which means a non-structured, non-hierarchical involvement of ordinary citizens, with a strong use of web 2.0 tools to promote participation and transparency. It is possible to determine that process social constitutionalism, which has reported the new social dynamics generated by social media exploded into the creation of the document that should ensure the political unity of a nation: the Constitution.},
  File                     = {:home/haydee/\'{A}rea de trabalho/Ref\_bib/Bani\_2012.pdf:pdf},
  Keywords                 = {FAFICH,Iceland,constitutionalism,crowdsourcing,democracia,democracy,e-democracy,e-politics,islandia,monografia,participation,social constitutionalism,social media,we-democracy},
  Mendeley-tags            = {FAFICH,democracia,islandia,monografia},
  Url                      = {http://dx.doi.org/10.2139/ssrn.2128531}
}

@Misc{BARLOW1996,
  Title                    = {{A Declaration of the Independence of Cyberspace}},

  Author                   = {Barlow, John Perry},
  Year                     = {1996},

  Keywords                 = {FAFICH,ciberespa\c{c}o,cyberspace,governance,monografia},
  Mendeley-tags            = {FAFICH,ciberespa\c{c}o,monografia},
  Url                      = {https://projects.eff.org/~barlow/Declaration-Final.html},
  Urldate                  = {02 de junho de 2014}
}

@Article{BATISTA2004,
  Title                    = {{A cor da morte: causas de \'{o}bito segundo caracter\'{i}sticas de ra\c{c}a no Estado de S\~{a}o Paulo, 1999 a 2001}},
  Author                   = {Batista, Lu\'{i}s Eduardo and Escuder, Maria Mercedes Loureiro and Pereira, Julio Cesar Rodrigues},
  Journal                  = {Revista da Sa\'{u}de P\'{u}blica},
  Year                     = {2004},
  Number                   = {5},
  Pages                    = {630--636},
  Volume                   = {38},

  File                     = {:home/haydee/\'{A}rea de trabalho/Ref\_bib/Batista, Escuder, Pereira\_2004.pdf:pdf},
  Keywords                 = {FAFICH,an\'{a}lise de correspond\^{e}ncia,color,correspondence analysis,monografia,mortality,race,social inequity},
  Mendeley-tags            = {FAFICH,an\'{a}lise de correspond\^{e}ncia,monografia},
  Url                      = {www.fsp.usp.br/rsp}
}

@Book{BENKLER2006,
  Title                    = {{The Wealth of Networks: How Social Production Transforms Markets and Freedom}},
  Author                   = {Benkler, Yochai},
  Publisher                = {SiSU},
  Year                     = {2006},
  Month                    = may,
  Number                   = {7},
  Volume                   = {116},

  Booktitle                = {The Yale Law Journal},
  Doi                      = {10.2307/20455766},
  File                     = {:home/haydee/\'{A}rea de trabalho/Ref\_bib/Benkler\_2006.pdf:pdf},
  ISBN                     = {9780300110562},
  ISSN                     = {00440094},
  Keywords                 = {FAFICH,computer networks — economic aspects,computer networks — social aspects,information networks,information society,monografia},
  Mendeley-tags            = {FAFICH,monografia},
  Pages                    = {398},
  Url                      = {http://www.jus.uio.no/sisu/the\_wealth\_of\_networks.yochai\_benkler/sisu\_manifest.html}
}

@Article{BENNET2003,
  Title                    = {Communicating global aactivism - strenghts and vulnerabilities of networked politics},
  Author                   = {Bennet, W. Lance},
  Journal                  = {Informatio, Communication and Society},
  Year                     = {2003},
  Number                   = {2},
  Pages                    = {143-168},
  Volume                   = {6},

  Owner                    = {haydee},
  Timestamp                = {2014.10.08}
}

@Article{BONI2005,
  Title                    = {Aprendendo a entrevistar: como fazer entrevista em Ci\^{e}ncias Sociais},
  Author                   = {Boni, V. and Quaresma, S. J.},
  Journal                  = {Revista Em Tese UFSC},
  Year                     = {2005},
  Number                   = {1},
  Pages                    = {68-80},
  Volume                   = {2},

  Comment                  = {Acesso em 22 de setembro de 2014},
  Owner                    = {haydee},
  Timestamp                = {2014.10.07},
  Url                      = {http://www.periodicos.ufsc.br/index.php/emtese/search/results}
}

@Book{BOURDIEU2003,
  Title                    = {{A Mis\'{e}ria do Mundo}},
  Author                   = {Bourdieu, Pierre},
  Publisher                = {Vozes},
  Year                     = {2003},

  Address                  = {Petr\'{o}polis},
  Edition                  = {5ª},

  Keywords                 = {FAFICH,monografia,sociologia},
  Mendeley-tags            = {FAFICH,monografia,sociologia},
  Pages                    = {572}
}

@Article{BOURGON2010,
  Title                    = {{Finalidade p\'{u}blica, autoridade governamental e poder coletivo}},
  Author                   = {Bourgon, Jocelyne},
  Journal                  = {Revistado Servi\c{c}o P\'{u}blico },
  Year                     = {2010},
  Number                   = {1},
  Pages                    = {5--33},
  Volume                   = {61},

  Abstract                 = {

Desde a d\'{e}cada de 1980, as reformas t\^{e}m dominado as agendas governamentais em todo o mundo; os governos embarcaram em uma not\'{a}vel jornada de inova\c{c}\~{a}o. O ritmo dessas reformas provavelmente n\~{a}o ir\'{a} diminuir.
O n\'{u}mero crescente de desafios na pol\'{i}tica p\'{u}blica demanda a participa\c{c}\~{a}o ativa de in\'{u}meros atores dentro e fora do governo e requer que o governo trabalhe para al\'{e}m dos limites convencionais. Esses desafios for\c{c}am o governo a utilizar sua autoridade e recursos para habilitar e empoderar outros. O aumento da complexidade e da incerteza nas quest\~{o}es de pol\'{i}tica e nos contextos de governan\c{c}a levam os governos a aprimorar sua capacidade de antecipar, intervir, inovar, aprender e adaptar-se. Futuras reformas ir\~{a}o requerer uma vis\~{a}o mais ampla dos pap\'{e}is do governo e dos cidad\~{a}os. 
},
  Keywords                 = {FAFICH,autoridade governamental,desenvolvimento de capacidade,gest\~{a}o p\'{u}blica,governo,monografia,novos desafios,poder p\'{u}blico,pol\'{i}tica,p\'{u}blico,resultados p\'{u}blicos},
  Mendeley-tags            = {FAFICH,governo,monografia,pol\'{i}tica,p\'{u}blico},
  Url                      = {http://seer.enap.gov.br/index.php/RSP/article/view/36/34}
}

@Misc{Brasil2014,
  Title                    = {{Decreto nº 8.243, de 23 de maio de 2014. Institui a Pol\'{i}tica Nacional de Participa\c{c}\~{a}o Social - PNPS e o Sistema Nacional de Participa\c{c}\~{a}o Social - SNPS, e d\'{a} outras provid\^{e}ncias.}},

  Author                   = {Brasil},
  Year                     = {2014},

  File                     = {:home/haydee/\'{A}rea de trabalho/Ref\_bib/Brasil\_2014.pdf:pdf},
  Keywords                 = {FAFICH,lei,monografia},
  Mendeley-tags            = {FAFICH,lei,monografia},
  Pages                    = {3--9},
  Url                      = {http://www.planalto.gov.br/ccivil\_03/\_Ato2011-2014/2014/Decreto/D8243.htm},
  Urldate                  = {16 de julho de 2014}
}

@Misc{CNPS2013,
  Title                    = {{Compromisso Nacional pela Participa\c{c}\~{a}o Social - Exemplo de Termo de Ades\~{a}o}},

  Author                   = {Brasil},
  Year                     = {2013},

  File                     = {:home/haydee/\'{A}rea de trabalho/Ref\_bib/Brasil\_2013.pdf:pdf},
  Keywords                 = {FAFICH,lei,monografia,participa\c{c}\~{a}o social,termo de compromisso},
  Mendeley-tags            = {FAFICH,lei,monografia},
  Pages                    = {1--5},
  Url                      = {http://www.cuite.pb.gov.br/\_upload/legislacao/down130314011844.pdf},
  Urldate                  = {15 de abril de 2014}
}

@Misc{CF88,
  Title                    = {{Constitui\c{c}\~{a}o da Rep\'{u}blica Federativa do Brasil}},

  Author                   = {Brasil},
  Year                     = {1988},

  File                     = {:home/haydee/\'{A}rea de trabalho/Ref\_bib/Brasil\_1988.pdf:pdf},
  Keywords                 = {1988,FAFICH,brasil,constitui\c{c}\~{a}o federal,lei,monografia},
  Mendeley-tags            = {FAFICH,lei,monografia},
  Pages                    = {61},
  Url                      = {http://www.senado.gov.br/legislacao/const/con1988/CON1988\_04.02.2010/CON1988.pdf},
  Urldate                  = {20 de maio de 2014}
}

@Article{Breu2008,
  Title                    = {{No Title}},
  Author                   = {Breu, FX and Guggenbichler, S and Wollmann, JC},
  Journal                  = {Vasa},
  Year                     = {2008},

  File                     = {:home/haydee/\'{A}rea de trabalho/Ref\_bib/Breu, Guggenbichler, Wollmann\_2008.pdf:pdf},
  Url                      = {http://medcontent.metapress.com/index/A65RM03P4874243N.pdf}
}

@Book{CARDON2012,
  Title                    = {{A Democracia Internet: Promessas e Limites}},
  Author                   = {Cardon, Dominique},
  Publisher                = {Forense Universit\'{a}ria},
  Year                     = {2012},

  Address                  = {Rio de Janeiro},
  Edition                  = {1ª},

  Keywords                 = {FAFICH,democracia,internet - aspectos pol\'{i}ticos,monografia,participa\c{c}\~{a}o digital,sociologia},
  Mendeley-tags            = {FAFICH,monografia,participa\c{c}\~{a}o digital,sociologia},
  Pages                    = {116},
  Translator               = {Vincent, Nina and Coutinho, Tiago}
}

@Book{CARVALHO1995,
  Title                    = {{Conselhos de sa\'{u}de no Brasil: participa\c{c}\~{a}o cidad\~{a} e controle social}},
  Author                   = {Carvalho, Ant\^{o}nio Ivo},
  Publisher                = {FASE/IBAM},
  Year                     = {1995},

  Address                  = {Rio de Janeiro},

  Abstract                 = {Os Conselhos de Saude emergiram recentemente na cena politico-sanitaria brasileira, com a missao de operacionalizar o principio constitucional da participacao comunitaria e assegurar o controle social sobre as acoes e servicos de saude. Foram institucionalizados como orgaos permanentes e obrigatorios do Sistema Unico de saude, recebendo amplas atribuicoes legais e carater deliberativo. Busca avaliar o grau em que esses orgaos tem cumprido esse papel, bem como indaga de suas condicoes atuais e potenciais de impactar positivamente o processo de transformacao democratica do sistema de saude brasileiro. Sao estabelecidos os marcos teoricos e historicos onde se inscrevem os conceitos de participacao e controle social em saude, discrimina e tipifica as diversas modalidades de praticas sociais a eles associadas. Apresenta o percurso historico de evolucao das politicas e praticas que antecederam e deram origem a proposta dos Conselhos de Saude no caso do Brasil. Atraves de levantamento quantitativo e qualitativo dos Conselhos nas tres esferas governamentais - federal, estadual e municipal - traca um panorama da atual situacao dos Conselhos no conjunto do pais, caracteriza a sua implantacao na totalidade dos Estados e em cerca da metade dos municipios. Os Conselhos Nacional e Estaduais foram estudados atraves da legislacao especifica, de documentos de registros (atas e resolucoes) e de entrevistas com informantes privilegiados. Os Conselhos Municipais das Capitais foram enfocados apenas atraves do exame da legislacao especifica e os Conselhos dos demais municipios foram examinados atraves de dados cadastrais obtidos por consulta telefonica ou postal. Analisa os Conselhos quanto ao seu processo de formacao, sua composicao social, suas competencias legais, seu funcionamento organico e sua pauta de atuacao, e estabelece comparacoes entre as esferas governamentais. A discussao aponta a incipiencia das praticas dos Conselhos, em geral aquem de suas possibilidades e responsabilidades legais, mas com uma direcionalidade claramente comprometida ou sintonizada com os principios do SUS. Seja na dimensao de Conselhos singulares, seja na dimensao geral de uma rede crescentemente articulada e solidaria, os Conselhos constituem-se hoje, certamente em espacos de ampliacao da participacao social, onde, de forma lenta, mas significativa, se elaboram e comecam a se exercer mudancas nas praticas institucionais do setor saude. (AU).},
  Keywords                 = {FAFICH,conselho,controle social,monografia,participa\c{c}\~{a}o cidad\~{a},sa\'{u}de},
  Mendeley-tags            = {FAFICH,monografia},
  Pages                    = {135},
  Url                      = {http://books.google.com.br/books?id=GoxgAAAAMAAJ\&redir\_esc=y}
}

@Book{CARVALHO2002,
  Title                    = {{Cidadania no Brasil - O longo Caminho}},
  Author                   = {Carvalho, Jos\'{e} Murilo de},
  Publisher                = {Civiliza\c{c}\~{a}o Brasileira},
  Year                     = {2002},

  Address                  = {Rio de Janeiro},

  Keywords                 = {FAFICH,cidadania,monografia},
  Mendeley-tags            = {FAFICH,monografia}
}

@Book{CARVALHOSA2009,
  Title                    = {{Coment\'{a}rios \`{a} Lei de Sociedades An\^{o}nimas}},
  Author                   = {Carvalhosa, Modesto},
  Publisher                = {Saraiva},
  Year                     = {2009},

  Address                  = {S\~{a}o Paulo},
  Edition                  = {3ª},

  Keywords                 = {holding},
  Mendeley-tags            = {FAFICH,monografia}
}

@InCollection{CASTELLS2005,
  Title                    = {{A Sociedade em Rede: do Conhecimento \`{a} Pol\'{i}tica}},
  Author                   = {Castells, Manuel},
  Booktitle                = {A Sociedade em Rede: Do Conhecimento \`{a} Ac\c{c}\~{a}o Pol\'{i}tica},
  Publisher                = {Imprensa Nacional - Casa da Moeda},
  Year                     = {2005},

  Address                  = {Lisboa},
  Editor                   = {Castells, Manuel and Cardoso, Gustavo},
  Pages                    = {17--30},

  File                     = {:home/haydee/\'{A}rea de trabalho/Ref\_bib/Castells\_2005.pdf:pdf},
  Keywords                 = {FAFICH,monografia,participa\c{c}\~{a}o digital,rede,sociologia},
  Mendeley-tags            = {FAFICH,monografia,participa\c{c}\~{a}o digital,rede,sociologia},
  Url                      = {http://www.egov.ufsc.br/portal/sites/default/files/anexos/a\_sociedade\_em\_rede\_-\_do\_conhecimento\_a\_acao\_politica.pdf}
}

@Book{CASTELLS2013,
  Title                    = {{Redes de Indigna\c{c}\~{a}o e Esperan\c{c}a}},
  Author                   = {Castells, Manuel},
  Publisher                = {Zahar},
  Year                     = {2013},

  Address                  = {Rio de Janeiro},
  Edition                  = {1ª},

  Keywords                 = {ci\^{e}ncias sociais,internet - aspectos sociais,movimentos sociais,participa\c{c}\~{a}o social,redes sociais on-line,tecnologia - aspectos sociais,t\'{i}tulo},
  Pages                    = {271},
  Translator               = {Medeiros, Carlos Alberto}
}

@Book{CASTELLS2001,
  Title                    = {{The Internet Galaxy: Reflections on the Internet, Business and Society}},
  Author                   = {Castells, Manuel},
  Publisher                = {Oxford University Press},
  Year                     = {2001},

  Address                  = {Oxford},

  Keywords                 = {FAFICH,internet,monografia},
  Mendeley-tags            = {FAFICH,internet,monografia}
}

@Book{CASTELLS1999,
  Title                    = {{A sociedade em rede: a era da informa\c{c}\~{a}o: economia, sociedade e cultura}},
  Author                   = {Castells, Manuel},
  Publisher                = {Paz e Terra},
  Year                     = {1999},

  Address                  = {S\~{a}o Paulo},
  Volume                   = {1},

  Abstract                 = {O livro busca esclarecer a din\^{a}mica econ\^{o}mica e social da nova era da informa\c{c}\~{a}o. Baseado em pesquisas feitas nos Estados Unidos, \'{A}sia, Am\'{e}rica Latina e Europa, procura formular uma teoria que d\^{e} conta dos efeitos fundamentais da tecnologia da informa\c{c}\~{a}o no mundo contempor\^{a}neo.},
  ISBN                     = {972-31-0984-0},
  Keywords                 = {FAFICH,monografia,rede,sociologia},
  Mendeley-tags            = {FAFICH,monografia,rede,sociologia},
  Pages                    = {617}
}

@Article{COCCO2009,
  Title                    = {{O capitalismo cognitivo em debate}},
  Author                   = {Cocco, Giuseppe and Vilarim, Gilvan},
  Journal                  = {Liinc em Revista},
  Year                     = {2009},
  Number                   = {2},
  Pages                    = {148--151},
  Volume                   = {5},

  Address                  = {Rio de Janeiro},
  File                     = {:home/haydee/\'{A}rea de trabalho/Ref\_bib/Cocco, Vilarim\_2009.pdf:pdf},
  Keywords                 = {FAFICH,capitalismo cognitivo,monografia},
  Mendeley-tags            = {FAFICH,capitalismo cognitivo,monografia},
  Url                      = {http://revista.ibict.br/liinc/index.php/liinc/article/viewFile/317/219}
}

@InCollection{COLEMAN2010,
  Title                    = {{Routledge handbook of Internet politics}},
  Author                   = {Coleman, Stephen},
  Booktitle                = {Vasa},
  Publisher                = {Taylor \& Francis},
  Year                     = {2010},

  Address                  = {New York},
  Chapter                  = {Making par},
  Editor                   = {Chadwick, Andrew and Howard, PN},
  Pages                    = {259},

  Abstract                 = {The internet is now a mainstay of contemporary political life, and captivates researchers from across the social sciences. From debates about its impact on parties and election campaigns following momentous presidential contests in the United States, to concerns over international security, privacy, and surveillance in the post-9/11, post-7/7 envir- onment; from the rise of blogging as a threat to the traditional model of journalism, to controversies at the international level over how and if the internet should be governed by an entity such as the United Nations; from the new repertoires of collective action open to citizens, to the massive programs of public management reform taking place in the name of e-government, internet politics, and policy are continually in the headlines. The Routledge Handbook of Internet Politics is a collection of over 30 chapters dealing with the most significant scholarly debates in this rapidly growing field of study. Organized in four broad sections: Institutions, Behavior, Identities, and Law and policy, the Hand- book summarizes and criticizes contemporary debates while pointing out new departures. A comprehensive set of resources, it provides linkages to established theories of media and politics, political communication, governance, deliberative democracy, and social move- ments, all within an interdisciplinary context. The contributors form a strong international cast of established and junior scholars. This is the first publication of its kind in this field; a helpful companion to students and scholars of politics, international relations, communication studies, and sociology.},
  File                     = {:home/haydee/\'{A}rea de trabalho/Ref\_bib/Coleman\_2010.pdf:pdf},
  ISBN                     = {9780415429146},
  Keywords                 = {Communication in politics,FAFICH,Internet,Political aspects,Political participation,computer network resources,monografia},
  Mendeley-tags            = {FAFICH,monografia},
  Organization             = {Taylor \& Francis e-Library},
  Url                      = {http://medcontent.metapress.com/index/A65RM03P4874243N.pdf http://books.google.com/books?hl=en\&lr=\&id=GJdfuGSa1xUC\&oi=fnd\&pg=PP1\&dq=Routledge+Handbook+of+Internet+Politics\&ots=dVmilx8PzS\&sig=aRs7x7yzRK1mEoe6VK7bk98DWgE http://books.google.com/books?hl=en\&lr=\&id=GJdfuGSa1xUC\&oi=fnd\&pg=PP1\&dq=Routledge+handbook+of+Internet+politics\&ots=dVmilx8SzT\&sig=8yTies13rgQq32Ff-0EC4U-RVEk}
}

@InCollection{CORSANI2003,
  Title                    = {{Elementos de Uma Ruptura: a Hip\'{o}tese do Capitalismo Cognitivo}},
  Author                   = {Corsani, Antonella},
  Booktitle                = {Capitalismo Cognitivo: trabalho, redes e inova\c{c}\~{a}o},
  Publisher                = {DP\&A Editora},
  Year                     = {2003},

  Address                  = {Rio de Janeiro},
  Edition                  = {1ª},
  Editor                   = {Cocco, Giuseppe and Galv\~{a}o, Alexander Patez and Silva, Gerardo},
  Pages                    = {15--32},

  Keywords                 = {FAFICH,capitalismo cognitivo,monografia,sociologia},
  Mendeley-tags            = {FAFICH,capitalismo cognitivo,monografia,sociologia},
  Url                      = {http://www.livrariacultura.com.br/scripts/resenha/resenha.asp?isbn=8574902195\&sid=62497110513315429675885753}
}

@Book{COUTINHO2000,
  Title                    = {{Contra a Corrente: Ensaios sobre Democracia e Socialismo}},
  Author                   = {Coutinho, Carlos Nelson},
  Publisher                = {Cortez},
  Year                     = {2000},

  Address                  = {S\~{a}o Paulo},

  Abstract                 = {Este artigo aborda o processo hist\'{o}rico-pol\'{i}tico, din\^{a}mico e contradit\'{o}rio, de aprofundamento e universaliza\c{c}\~{a}o da cidadania na modernidade - processo contradit\'{o}rio, sujeito a avan\c{c}os e recuos, porque no limite h\'{a} um antagonismo estrutural entre a universaliza\c{c}\~{a}o da cidadania e a l\'{o}gica de funcionamento do modo de produ\c{c}\~{a}o capitalista.},
  Keywords                 = {Democracia,Estado,FAFICH,cidadania,cidad\~{a}o,direitos,emancipa\c{c}\~{a}o,modernidade,monografia,pol\'{i}tica,revolu\c{c}\~{a}o,soberania popular,sociedade civil},
  Mendeley-tags            = {FAFICH,cidadania,monografia},
  Pages                    = {176},
  Url                      = {http://seer.fclar.unesp.br/perspectivas/article/download/2087/1709 http://pt.scribd.com/doc/52438645/NOTAS-SOBRE-CIDADANIA-E-MODERNIDADE-Carlos-Nelson-Coutinho}
}

@Book{CUNHA2010,
  Title                    = {{Curso de Direito Constitucional}},
  Author                   = {Cunha, Junior, Dirley da},
  Publisher                = {Juspodivm},
  Year                     = {2010},

  Address                  = {Salvador},
  Edition                  = {4ª},

  Keywords                 = {constitucionalismo social},
  Mendeley-tags            = {FAFICH,monografia}
}

@Misc{DANDREA2013,
  Title                    = {{Colabora\c{c}\~{a}o por Pares em Rde: Conceitos, Modelos, Desafios}},

  Author                   = {D'Andrea, Carlos},
  Year                     = {2013},

  Abstract                 = {Este artigo te\'{o}rico inicia-se com a articula\c{c}\~{a}o de diferentes perspectivas acerca da colabora\c{c}\~{a}o por pares na World Wide Web. Discutimos conceitos como “produ\c{c}\~{a}o de bens comuns por pares em rede” (BENKLER, 2006), “Sabedoria das Multid\~{o}es” (SUROWIECKI, 2007) e “produsage” (BRUNS, 2008). Em seguida, revisitamos as origens da produ\c{c}\~{a}o colaborativa em rede a partir da hist\'{o}ria e caracter\'{i}sticas da “cultura hacker” (CASTELLS, 2003; HIMANEM, 1997) e de seu produto mais importante: os softwares de c\'{o}digo aberto. Na terceira e \'{u}ltima parte, nos concentramos nos desafios da colabora\c{c}\~{a}o por pares em rede, que muitas vezes parece se aproximar mais de uma “Alquimia das Multid\~{o}es” (PISANI e PIOTET, 2011) do que de uma “Intelig\^{e}ncia Coletiva” (L\'{E}VY, 2003). Entre os desafios, destacamos os diferentes n\'{i}veis de engajamento dos agentes envolvidos no processo colaborativo (HAYTHORNTHWAITE, 2009) e os potenciais conflitos e disputas entre eles (PRIMO, 2007, SIMMEL, 1964).},
  Address                  = {Salvador},
  Booktitle                = {Simp\'{o}sio em Tecnologias Digitais e Sociabilidade},
  File                     = {:home/haydee/\'{A}rea de trabalho/Ref\_bib/D'Andrea\_2013.pdf:pdf},
  Keywords                 = {FAFICH,colabora\c{c}\~{a}o,comunidade virtual,intelig\^{e}ncia coletiva,monografia,produ\c{c}\~{a}o por pares,sabedoria das multid\~{o}es},
  Mendeley-tags            = {FAFICH,colabora\c{c}\~{a}o,monografia},
  Pages                    = {19},
  Url                      = {http://gitsufba.net/anais/wp-content/uploads/2013/09/13n5\_colaboacao\_49375.pdf}
}

@InCollection{DAGNINO2002,
  Title                    = {{Sociedade Civil, Espa\c{c}os P\'{u}blicos e a Constru\c{c}\~{a}o Democr\'{a}tica no Brasil: Limites e Possibilidades}},
  Author                   = {Dagnino, Evelina},
  Booktitle                = {Sociedade Civil e Espa\c{c}os P\'{u}blicos no Brasil},
  Year                     = {2002},

  Address                  = {S\~{a}o Paulo},
  Editor                   = {Dagnino, Evelina},
  Pages                    = {279--301},

  Annote                   = {Resenha em: http://www.scielo.br/pdf/rbcsoc/v18n51/15991.pdf},
  Keywords                 = {FAFICH,espa\c{c}o p\'{u}blico,monografia},
  Mendeley-tags            = {FAFICH,espa\c{c}o p\'{u}blico,monografia}
}

@Book{DAHL1998,
  Title                    = {{On Democracy}},
  Author                   = {Dahl, Robert A.},
  Publisher                = {Yale University Press},
  Year                     = {1998},

  Address                  = {New Haven},

  Keywords                 = {FAFICH,democracia,monografia,sociologia},
  Mendeley-tags            = {FAFICH,democracia,monografia,sociologia}
}

@Book{DAHL1971,
  Title                    = {{Polyarchy: participation and opposition}},
  Author                   = {Dahl, Robert A.},
  Publisher                = {Yale University Press},
  Year                     = {1971},

  Address                  = {New Haven},

  Keywords                 = {FAFICH,monografia,sociologia},
  Mendeley-tags            = {FAFICH,monografia,sociologia}
}

@Article{DAHLBERG2007,
  Title                    = {Rethinking the fragmentation of the cyberpublic: from consensus to contestation.},
  Author                   = {Dahlberg, Lincoln},
  Journal                  = {New Media and Society},
  Year                     = {2007},
  Number                   = {5},
  Pages                    = {827-847},
  Volume                   = {9},

  Owner                    = {haydee},
  Timestamp                = {2014.10.08}
}

@Book{DALTON2002,
  Title                    = {{Parties without partisans: political change in advanced industrial democracies}},
  Author                   = {Dalton, Russell J and Wattenberg, Martin P},
  Publisher                = {Oxford University Press},
  Year                     = {2002},

  Address                  = {Oxford},

  Keywords                 = {political parties, representative government and representation, comparative government},
  Mendeley-tags            = {FAFICH,monografia},
  Pages                    = {328}
}

@Book{DRYZEK2000,
  Title                    = {{Deliberative Democracy and Beyond}},
  Author                   = {Dryzek, John},
  Publisher                = {Oxford University Press},
  Year                     = {2000},

  Address                  = {Oxford},

  Keywords                 = {FAFICH,democracia,monografia},
  Mendeley-tags            = {FAFICH,democracia,monografia}
}

@Book{FAVERO2009,
  Title                    = {{An\'{a}lise de Dados: modelagem multivariada para tomada de decis\~{o}es}},
  Author                   = {F\'avero, Luiz Paulo and Belfiore, Patr\'{i}cia and da Silva, Fabiana Lopes and Chan, Betty Lilian},
  Publisher                = {Elsevier},
  Year                     = {2009},

  Address                  = {Rio de Janeiro},

  Keywords                 = {FAFICH,an\'{a}lise de vari\^{a}ncia,monografia,multivariada,m\'{e}todo,pesquisa - m\'{e}todos estat\'{i}sticos,processo decis\'{o}rio},
  Mendeley-tags            = {FAFICH,monografia,multivariada,m\'{e}todo},
  Pages                    = {650}
}

@Book{FAVERO2014,
  Title                    = {{M\'{e}todos quantitativos com Stata: procedimentos, rotinas e an\'{a}lise de resultados}},
  Author                   = {F\'avero, Luiz Paulo and Belfiore, Patr\'{i}cia and Takamatsu, Renata Turola and Suzart, Janilson},
  Publisher                = {Elsevier},
  Year                     = {2014},

  Address                  = {Rio de Janeiro},
  Edition                  = {1ª},

  Keywords                 = {computadores,computadores - equipamento de entrada e sa\'{i}da,inform\'{a}tica,sistemas operacionais (computadores),software,tecnologia da informa\c{c}\~{a}o},
  Pages                    = {250}
}

@Article{FARIA2000,
  Title                    = {{Democracia Beliberativa: Habermas, Cohen e Bohman}},
  Author                   = {Faria, Claudia Feres},
  Journal                  = {Lua Nova},
  Year                     = {2000},
  Pages                    = {47--68},
  Volume                   = {49},

  File                     = {:home/haydee/\'{A}rea de trabalho/Ref\_bib/Faria\_2000.pdf:pdf},
  Keywords                 = {FAFICH,decis\~{o}es coletivas,deliberativa,democracia,monografia},
  Mendeley-tags            = {FAFICH,democracia,monografia},
  Url                      = {http://www.scielo.br/pdf/ln/n50/a04n50.pdf}
}

@Book{FARIA2012,
  Title                    = {{O Parlamento Aberto na Era da Internet: Pode o Povo Colaborar com o Legislativo na Elabora\c{c}\~{a}o das Leis?}},
  Author                   = {de Faria, Cristiano Ferri Soares},
  Publisher                = {C\^{a}mara dos Deputados, Edi\c{c}\~{o}es C\^{a}mara},
  Year                     = {2012},

  Address                  = {Bras\'{i}lia},

  File                     = {:home/haydee/\'{A}rea de trabalho/Ref\_bib/Faria\_2012.pdf:pdf},
  ISBN                     = {9788573658941},
  Keywords                 = {Brasil,Chile,Processo legislativo,aspectos sociais,democracia,estudo de caso,participa\c{c}\~{a}o pol\'{i}tica,participa\c{c}\~{a}o social,tecnologia da informa\c{c}\~{a}o},
  Pages                    = {334}
}

@Book{FERRAREZI2013,
  Title                    = {{Guia do Trabalho Cient\'{i}fico: do Projeto \`{a} Reda\c{c}\~{a}o Final - monografia, disserta\c{c}\~{a}o e tese}},
  Author                   = {Ferrarezi, Junior, Celso},
  Publisher                = {Contexto},
  Year                     = {2013},

  Address                  = {S\~{a}o Paulo},
  Edition                  = {3ª},

  Keywords                 = {FAFICH,guia,metodologia,monografia,m\'{e}todo,m\'{e}todos de estudo,pesquisa,trabalhos cient\'{i}ficos,trabalhos cient\'{i}ficos - normas,trabalhos cient\'{i}ficos - reda\c{c}\~{a}o},
  Mendeley-tags            = {FAFICH,guia,monografia,m\'{e}todo},
  Pages                    = {153}
}

@Book{FLICHY2007,
  Title                    = {{The Internet Imaginaire}},
  Author                   = {Flichy, Patrice},
  Publisher                = {MIT Press},
  Year                     = {2007},

  Address                  = {Cambridge},
  Edition                  = {1ª},

  Abstract                 = {In The Internet Imaginaire, sociologist Patrice Flichy examines the collective vision that shaped the emergence of the Internet—the social imagination that envisioned a technological utopia in the birth of a new technology. By examining in detail the discourses surrounding the development of the Internet in the United States in the 1990s (and considering them an integral part of that development), Flichy shows how an entire society began a new technological era. The metaphorical ``information superhighway'' became a technical utopia that informed a technological program. The Internet imaginaire, Flichy argues, led software designers, businesses, politicians, and individuals to adopt this one technology instead of another. Flichy draws on writings by experts—paying particular attention to the gurus of Wired magazine, but also citing articles in Time, Newsweek, and Business Week—from 1991 to 1995. He describes two main domains of the technical imaginaire: the utopias (and ideologies) associated with the development of technical devices and the depictions of an imaginary digital society. He analyzes the founding myths of cyberculture—the representations of technical systems expressing the dreams and experiments of designers and promoters that developed around information highways, the Internet, Bulletin Board systems, and virtual reality. And he offers a treatise on ``the virtual society imaginaire,'' discussing visionaries from Teilhard de Chardin to William Gibson, the body and the virtual, cyberdemocracy and the end of politics, and the new economy of the immaterial.},
  Keywords                 = {FAFICH,ciberespa\c{c}o,monografia},
  Mendeley-tags            = {FAFICH,ciberespa\c{c}o,monografia},
  Pages                    = {255}
}

@Article{FLICHY1999,
  Title                    = {{Internet ou la communaut\'{e} scientifique id\'{e}ale}},
  Author                   = {Flichy, Patrice},
  Journal                  = {R\'{e}seaux},
  Year                     = {1999},
  Number                   = {97},
  Pages                    = {77--120},
  Volume                   = {17},

  Doi                      = {10.3406/reso.1999.2168},
  File                     = {:home/haydee/\'{A}rea de trabalho/Ref\_bib/Flichy\_1999.pdf:pdf},
  ISSN                     = {0751-7971},
  Keywords                 = {FAFICH,internet,monografia},
  Mendeley-tags            = {FAFICH,internet,monografia},
  Url                      = {http://www.persee.fr/web/revues/home/prescript/article/reso\_0751-7971\_1999\_num\_17\_97\_2168}
}

@Article{FORAY2001,
  Title                    = {{L'\'{e}conomie du logiciel libre - Organization Co\'{o}perative et incitation \`{a} l'Innovation}},
  Author                   = {Foray, Dominique and Zimmermann, Jean-Beno\^{i}t},
  Journal                  = {Revue \'{E}conomique},
  Year                     = {2001},
  Pages                    = {77--93},
  Volume                   = {52},

  Abstract                 = {Les probl\`{e}mes de propri\'{e}t\'{e} intellectuelle qui se posent \`{a} l’\'{e}conomie de l’innovation rel\`{e}vent de trois s\'{e}ries de questions embo\^{i}t\'{e}es. Premi\`{e}rement, une connaissance nouvelle peut-elle ou doit-elle \^{e}tre appropri\'{e}e de fa\c{c}on priv\'{e}e ? Deuxi\`{e}mement, si oui, sous quel r\'{e}gime de droit de propri\'{e}t\'{e} intellectuelle doit-elle \^{e}tre enregistr\'{e}e ? Et troisi\`{e}mement, s’il s’agit du r\'{e}gime des brevets, quelle pratique de cr\'{e}ation et d’usage du brevet s’av\'{e}rera-t-elle favorable \`{a} l’\'{e}tablissement d’un bon \'{e}quilibre entre la protection de l’inventeur et l’usage social de son invention ? Il est remarquable de constater que le logiciel, comme d’ailleurs les cr\'{e}ations g\'{e}n\'{e}tiques, sont des objets pour lesquels il n’y a de r\'{e}ponse assur\'{e}e \`{a} aucune de ces trois questions. La premi\`{e}re question rend compte de l’opposition entre logiciel propri\'{e}taire et logiciel libre et les termes de cette question sont principalement \'{e}conomiques comme nous le verrons par la suite : ce n’est pas le « peut-il \^{e}tre » qui pose probl\`{e}me comme dans le cas des cr\'{e}ations g\'{e}n\'{e}tiques (question notamment \'{e}thique) mais c’est plut\^{o}t le « doit-il \^{e}tre » qui fait question. La deuxi\`{e}me question rend compte de l’incertitude sur le r\'{e}gime de propri\'{e}t\'{e} intellectuelle, qu’il convient d’activer d\`{e}s lors que l’on a r\'{e}pondu oui \`{a} la question sur l’appropriation priv\'{e}e. La protection par brevet est-elle pr\'{e}f\'{e}rable \`{a} la protection par droit d’auteur ou bien, compte tenu du caract\`{e}re insatisfaisant de ces deux r\'{e}gimes pour les logiciels, ne vaudrait-il pas mieux cr\'{e}er un droit sui generis, ainsi qu’on l’a fait notamment pour les vari\'{e}t\'{e}s v\'{e}g\'{e}tales ? Enfin, la troisi\`{e}me question fait r\'{e}f\'{e}rence aux situations de blocage qui peuvent d\'{e}couler d’une mauvaise utilisation du brevet : soit parce que la surface du brevet est tr\`{e}s \'{e}tendue et bloque les projets d’innovation ult\'{e}rieurs sur le domaine; soit parce qu’un nombre tr\`{e}s important de brevets couvre les composants \'{e}l\'{e}mentaires d’une innovation, ce qui disperse la base de connaissances et ralentit le d\'{e}veloppement d’un produit final par un agent particulier. Cet article porte principalement sur les deux premi\`{e}res questions et les traitera dans un ordre invers\'{e}. C’est parce qu’aucun des r\'{e}gimes de droit de propri\'{e}t\'{e} intellectuelle n’offre une solution totalement satisfaisante – et cela compte tenu de ce que l’usage de la propri\'{e}t\'{e} intellectuelle nous situe de toute fa\c{c}on dans un cadre de solutions de second rang (section 1) – que l’on « remontera » vers la question du logiciel libre. Apr\`{e}s en avoir identifi\'{e} les bonnes propri\'{e}t\'{e}s du point de vue de l’\'{e}conomie de l’innovation (section 2), nous \'{e}voquerons les fondements institutionnels du logiciel libre (section 3) puis nous examinerons le r\^{o}le des incitations individuelles dans ce mod\`{e}le (sections 4 et 5).},
  File                     = {:home/haydee/\'{A}rea de trabalho/Ref\_bib/Foray, Zimmermann\_2001.pdf:pdf},
  Keywords                 = {FAFICH,monografia,software livre},
  Mendeley-tags            = {FAFICH,monografia,software livre},
  Url                      = {http://www.cairn.info/revue-economique-2001-7-page-77.htm}
}

@Book{FREIRE1987,
  Title                    = {{Pedagogia do Oprimido}},
  Author                   = {Freire, Paulo},
  Publisher                = {Paz e Terra},
  Year                     = {1987},

  Address                  = {Rio de Janeiro},
  Edition                  = {17\textordfeminine},

  File                     = {:home/haydee/\'{A}rea de trabalho/Ref\_bib/Freire\_1987.pdf:pdf},
  Keywords                 = {FAFICH,alfabetiza\c{c}\~{a}o,monografia,m\'{e}todos,pedagogia,teoria},
  Mendeley-tags            = {FAFICH,monografia,pedagogia},
  Url                      = {http://www.letras.ufmg.br/espanhol/pdf\\pedagogia\_do\_oprimido.pdf}
}

@InCollection{FUNG2003,
  Title                    = {{Deliberative Democracy, Chicago Style: Grass-roots Governance in Policing and Public Education}},
  Author                   = {Fung, Archon},
  Booktitle                = {Deepening Democracy: Institutional Innovations in Empowered Participatory Governance - The Real Utopias Project IV},
  Publisher                = {Verso},
  Year                     = {2003},

  Address                  = {London},
  Editor                   = {Fung, Archon and Olin, Wright Erik},
  Pages                    = {111--143},

  File                     = {:home/haydee/\'{A}rea de trabalho/Ref\_bib/Fung\_2003.pdf:pdf},
  Keywords                 = {FAFICH,governan\c{c}a,monografia},
  Mendeley-tags            = {FAFICH,governan\c{c}a,monografia},
  Url                      = {http://archonfung.net/docs/DeepeningDemocracyAll.pdf}
}

@Book{FUNG2004,
  Title                    = {Empowered participation: reinventing urban democracy},
  Author                   = {FUNG, Archor},
  Publisher                = {Oxford: Princeton University Press},
  Year                     = {2004},

  Owner                    = {haydee},
  Timestamp                = {2014.10.08}
}

@Book{GOLDENBERG2004,
  Title                    = {{A Arte de Pesquisar: como fazer pesquisa qualitativa em Ci\^{e}ncias Sociais}},
  Author                   = {Goldenberg, Mirian},
  Publisher                = {Record},
  Year                     = {2004},

  Address                  = {Rio de Janeiro},
  Edition                  = {8\textordfeminine},

  Comment                  = {Acesso em 23 de julho de 2014},
  File                     = {:home/haydee/\'{A}rea de trabalho/Ref\_bib/Goldenberg\_2004.pdf:pdf},
  Keywords                 = {FAFICH,ci\^{e}ncias sociais,metodologia,monografia,m\'{e}todo,pesquisa qualitativa,pesquisa social},
  Mendeley-tags            = {FAFICH,monografia,m\'{e}todo,pesquisa qualitativa},
  Url                      = {http://www.ufjf.br/labesc/files/2012/03/A-Arte-de-Pesquisar-Mirian-Goldenberg.pdf}
}

@InCollection{GOMES2009,
  Title                    = {{Sobre o Projeto e o processo de Pesquisa na Elabora\c{c}\~{a}o de Monografias}},
  Author                   = {Gomes, Ana Maria Rabelo and Faria, Eliene Lopes and Bergo, Renata Silva},
  Booktitle                = {Metodologias e Partipa\c{c}\~{a}o},
  Publisher                = {UFMG},
  Year                     = {2009},

  Address                  = {Belo Horizonte},
  Editor                   = {Gomes, Ana Maria Rabelo},

  Keywords                 = {FAFICH,monografia,m\'{e}todo},
  Mendeley-tags            = {FAFICH,monografia,m\'{e}todo}
}

@InCollection{GOMES2011,
  Title                    = {{Participa\c{c}\~{a}o Pol\'{i}tica online: Quest\~{o}es e Hip\'{o}teses de Trabalho}},
  Author                   = {Gomes, Wilson},
  Booktitle                = {Internet e Participa\c{c}\~{a}o Pol\'{i}tica no Brasil},
  Publisher                = {Sulina},
  Year                     = {2011},

  Address                  = {Porto Alegre},
  Edition                  = {1ª},
  Editor                   = {Maia, Rousiley Celi Moreira and Gomes, Wilson and Marques, Francisco Paulo Jamil Almeida},
  Pages                    = {19--46},

  Keywords                 = {FAFICH,comunica\c{c}\~{a}o digital,internet,monografia,participa\c{c}\~{a}o digital,pol\'{i}tica,pol\'{i}tica da informa\c{c}ao,redes sociais},
  Mendeley-tags            = {FAFICH,internet,monografia,participa\c{c}\~{a}o digital}
}

@Article{GOMES2005,
  Title                    = {{A Democracia Digital e o Problema da Participa\c{c}\~{a}o Civil na Decis\~{a}o Pol\'{i}tica}},
  Author                   = {Gomes, Wilson},
  Journal                  = {Revistaq Fronteiras},
  Year                     = {2005},
  Number                   = {3},
  Pages                    = {214--222},
  Volume                   = {7},

  Keywords                 = {FAFICH,monografia,participa\c{c}\~{a}o digital},
  Mendeley-tags            = {FAFICH,monografia,participa\c{c}\~{a}o digital}
}

@Book{GUEDES2002,
  Title                    = {New technologies democracy and social movement},
  Author                   = {Guedes, Olga},
  Publisher                = {Bugs - Globalism and Pluralism},
  Year                     = {2002},

  Address                  = {Montreal},

  Owner                    = {haydee},
  Timestamp                = {2014.10.08}
}

@Book{GUERREIRO2006,
  Title                    = {{Cidade Digital: infoinclus\~{a}o social e tecnologia em rede}},
  Author                   = {Guerreiro, Evandro Prestes},
  Publisher                = {Editora Senac},
  Year                     = {2006},

  Address                  = {S\~{a}o Paulo},
  Edition                  = {1ª},

  Keywords                 = {FAFICH,cidadania,inclus\~{a}o digital,inclus\~{a}o social,monografia,sociedade da informa\c{c}\~{a}o,tecnologia da informa\c{c}\~{a}o},
  Mendeley-tags            = {FAFICH,inclus\~{a}o digital,monografia},
  Pages                    = {351}
}

@Book{GUZZI2010,
  Title                    = {{Web e Participa\c{c}\~{a}o: a Democracia no s\'{e}culo XXI}},
  Author                   = {Guzzi, Drica},
  Publisher                = {Editora Senac},
  Year                     = {2010},

  Address                  = {S\~{a}o Paulo},
  Edition                  = {1ª},

  Keywords                 = {comunica\c{c}\~{a}o,democracia,marginalidade social,sociedade da informa\c{c}\~{a}o,tecnologia da informa\c{c}\~{a}o},
  Pages                    = {158}
}

@Book{HABERMAS1991,
  Title                    = {{The Structural Transformation of the Public Sphere: An Inquiry Into a Category of Bourgeois Society}},
  Author                   = {Habermas, J\"{u}rgen},
  Publisher                = {MIT Press},
  Year                     = {1991},

  Address                  = {Cambridge},

  Keywords                 = {FAFICH,monografia,sociologia},
  Mendeley-tags            = {FAFICH,monografia,sociologia}
}

@Book{HAGUETTE1997,
  Title                    = {{Metodologias Qualitativas na Sociologia}},
  Author                   = {Haguette, Teresa Maria Frota},
  Publisher                = {Vozes},
  Year                     = {1997},

  Address                  = {Petr\'{o}polis},
  Edition                  = {5ª},

  Keywords                 = {FAFICH,monografia,m\'{e}todo,sociologia},
  Mendeley-tags            = {FAFICH,monografia,m\'{e}todo,sociologia},
  Pages                    = {170},
  Url                      = {http://www.ia.ufrrj.br/ppgea/conteudo/conteudo-2007/T1-1SF/Canrobert/Medologias\_Qualitativas.pdf}
}

@TechReport{IGBE2010,
  Title                    = {Censo Demogr\'{a}fico 2010 - Resultados do universo.},
  Author                   = {IBGE},
  Year                     = {2010},

  Comment                  = {Acesso em 3 de julho de 2014},
  Owner                    = {haydee},
  Timestamp                = {2014.10.07},
  Url                      = {http://censo2010.ibge.gov.br/}
}

@InCollection{ISAAC2003,
  Title                    = {{Democracy and Development: Decentralized Planning in Kerala}},
  Author                   = {Isaac, T.M. Thomas and Heller, Patrick},
  Booktitle                = {Deepening Democracy: Institutional Innovations in Empowered Participatory Governance - The Real Utopias Project IV},
  Publisher                = {Verso},
  Year                     = {2003},

  Address                  = {London},
  Editor                   = {Fung, Archon and Olin, Wright Erik},
  Pages                    = {77--110},

  Keywords                 = {FAFICH,governan\c{c}a,monografia},
  Mendeley-tags            = {FAFICH,governan\c{c}a,monografia},
  Url                      = {http://archonfung.net/docs/DeepeningDemocracyAll.pdf}
}

@Book{JOHNSON2002,
  Title                    = {{Cultura da Interface: Como o Computador Transforma a Nossa Maneira de Criar e Comunicar}},
  Author                   = {Johnson, S.},
  Publisher                = {Zahar},
  Year                     = {2002},

  Address                  = {Rio de Janeiro},

  Keywords                 = {FAFICH,ciberespa\c{c}o,comunica\c{c}\~{}ao,monografia},
  Mendeley-tags            = {FAFICH,ciberespa\c{c}o,comunica\c{c}\~{}ao,monografia}
}

@Article{JURIS2005,
  Title                    = {The new digital media and activist networking within anti-corporate globaliglobal movements},
  Author                   = {Juris, Jeffrey S.},
  Journal                  = {The Annals of the American Academy of Political and Social Science},
  Year                     = {2005},
  Pages                    = {189-208},
  Volume                   = {597},

  Owner                    = {haydee},
  Timestamp                = {2014.10.08}
}

@Article{KRUEGER2002,
  Title                    = {Assessing the potential of Intenert political participation in the United States: a resource approach},
  Author                   = {Krueger, Brian S.},
  Journal                  = {Amercian Politcs Reasearch},
  Year                     = {2002},
  Number                   = {5},
  Pages                    = {476-498},
  Volume                   = {30},

  Owner                    = {haydee},
  Timestamp                = {2014.10.08}
}

@Book{KVALE2009,
  Title                    = {Interviews - Learnng the Craft of Qualitative Reasearch Interviewing},
  Author                   = {Kvale, Steinar and Brinkmann, Svend},
  Publisher                = {Sage Publisher},
  Year                     = {2009},
  Edition                  = {2},

  Owner                    = {haydee},
  Timestamp                = {2014.10.07}
}

@Book{LEVY2011,
  Title                    = {{O que \'{e} o virtual?}},
  Author                   = {L\'evy, Pierre},
  Publisher                = {Editora 34},
  Year                     = {2011},

  Address                  = {S\~{a}o Paulo},
  Edition                  = {2ª},

  Keywords                 = {realidade virtual},
  Pages                    = {160},
  Translator               = {Neves, Paulo}
}

@Book{LEVY2010,
  Title                    = {{Cibercultura}},
  Author                   = {L\'evy, Pierre},
  Publisher                = {Editora 34},
  Year                     = {2010},

  Address                  = {S\~{a}o Paulo},
  Edition                  = {3ª},

  Keywords                 = {FAFICH,ciberespa\c{c}o,computadores e civiliza\c{c}\~{a}o,comunica\c{c}\~{a}o - aspectos sociais,comunica\c{c}\~{a}o - inova\c{c}\~{o}es tecnol\'{o}gicas,filosofia,monografia,realidade virtual,virtual},
  Mendeley-tags            = {FAFICH,ciberespa\c{c}o,filosofia,monografia,virtual},
  Pages                    = {272},
  Translator               = {da Costa, Carlos Irineu}
}

@Book{LEVY1993,
  Title                    = {{As Tecnologias da Intelig\^{e}ncia: o Futuro do Pensamento na Era da Inform\'{a}tica}},
  Author                   = {L\'evy, Pierre},
  Publisher                = {Editora 34},
  Year                     = {1993},

  Address                  = {Rio de Janeiro},
  Edition                  = {2ª},

  Keywords                 = {FAFICH,aspectos sociais,ci\^{e}ncia - filosofia,filosofia,inform\'{a}tica,intelig\^{e}ncia,intelig\^{e}ncia artificial,monografia},
  Mendeley-tags            = {FAFICH,filosofia,intelig\^{e}ncia,monografia},
  Pages                    = {208},
  Translator               = {da Costa, Carlos Irineu}
}

@Article{LUCHMANN2007,
  Title                    = {{A Representa\c{c}\~{a}o no Interior das Experi\^{e}ncias de Participa\c{c}\~{a}o}},
  Author                   = {L\"uchmann, Ligia Helena Hahn},
  Journal                  = {Lua Nova},
  Year                     = {2007},
  Pages                    = {139--170},
  Volume                   = {70},

  Keywords                 = {FAFICH,monografia,participa\c{c}\~{a}o social},
  Mendeley-tags            = {FAFICH,monografia,participa\c{c}\~{a}o social}
}

@Book{LAKATOS2003,
  Title                    = {Fundamentos de metodologia cient\'{i}fica},
  Author                   = {Lakatos, E. M. and Marconi, M. A.},
  Publisher                = {Atlas},
  Year                     = {2003},

  Owner                    = {haydee},
  Timestamp                = {2014.10.07}
}

@Article{LANDEMORE2014,
  Title                    = {{Inclusive Constitution-Making: The Iceland Experiment}},
  Author                   = {Landemore, H\`{e}lene},
  Journal                  = {Journal of Political Philosophy},
  Year                     = {2014},
  Pages                    = {1--26},

  Doi                      = {10.1111/jopp.12032},
  File                     = {:home/haydee/\'{A}rea de trabalho/Ref\_bib/Landemore\_2014.pdf:pdf},
  Keywords                 = {FAFICH,monografia,participa\c{c}\~{a}o digital},
  Mendeley-tags            = {FAFICH,monografia,participa\c{c}\~{a}o digital},
  Url                      = {http://onlinelibrary.wiley.com/doi/10.1111/jopp.12032/pdf}
}

@InCollection{LAVALLE2004,
  Title                    = {Atores da sociedade civil e atores pol\'{i}ticos - participa\c{c}\~{a}o nas novas pol\'{i}ticas democr\'{a}ticas em S\~{a}o Paulo},
  Author                   = {Lavalle, Adrian Gurza and Aharya, Arnab and Houtzager, Peter},
  Booktitle                = {A Participa\c{c}\~{a}o em S\~{a}o Paulo},
  Publisher                = {Editora UNESP},
  Year                     = {2004},

  Address                  = {S\~{a}o Paulo},
  Editor                   = {Avritzer, Leonardo},
  Pages                    = {257-322},
  Volume                   = {1},

  Owner                    = {haydee},
  Timestamp                = {2014.10.08}
}

@Book{LEMOS2004,
  Title                    = {{Cibercidades: As Cidades na Cibercultura}},
  Author                   = {Lemos, Andr\'{e}},
  Publisher                = {E-Papers},
  Year                     = {2004},

  Address                  = {Rio de Janeiro},

  File                     = {:home/haydee/\'{A}rea de trabalho/Ref\_bib/Lemos\_2004.pdf:pdf},
  Keywords                 = {FAFICH,ciberespa\c{c}o,monografia},
  Mendeley-tags            = {FAFICH,ciberespa\c{c}o,monografia},
  Pages                    = {19--26},
  Url                      = {http://www.facom.ufba.br/ciberpesquisa/andrelemos/modelo.pdf}
}

@Misc{LESSIG2012,
  Title                    = {{One Way Foward: The Outsiders Guide to Fixing the Republic}},

  Author                   = {Lessig, Lawrence},
  Year                     = {2012},

  File                     = {:home/haydee/\'{A}rea de trabalho/Ref\_bib/Lessig\_2012.pdf:pdf},
  Keywords                 = {FAFICH,democracia,monografia},
  Mendeley-tags            = {FAFICH,democracia,monografia},
  Pages                    = {125},
  Url                      = {http://byliner.com/originals/one-way-forward},
  Urldate                  = {13 de julho de 2014}
}

@Book{LESSIG2001,
  Title                    = {{The Future of Ideas–The fate of the commons in a connected world}},
  Author                   = {Lessig, Lawrence},
  Publisher                = {Random House},
  Year                     = {2001},

  Address                  = {New York},

  File                     = {:home/haydee/\'{A}rea de trabalho/Ref\_bib/Lessig\_2001.pdf:pdf},
  ISBN                     = {0375505784},
  Keywords                 = {Copyright and electronic data processing,Information society,Intellectual property,Internet—Law and legislation},
  Pages                    = {368},
  Url                      = {http://the-future-of-ideas.com/download}
}

@Book{LIMA2001,
  Title                    = {{M\'{i}dia: Teoria e Pol\'{i}tica}},
  Author                   = {de Lima, Ven\'{i}cio Artur},
  Publisher                = {Editora Funda\c{c}ao Perseu Abramo},
  Year                     = {2012},

  Abstract                 = {Ven\'{i}cio A. De Lima se prop\~{o}e a debater conceitos e apresenta hip\'{o}teses que expressam a centralidade da m\'{i}dia como objeto e palco privilegiados das disputas de poder no mundo contempor\^{a}neo. O autor apresenta tamb\'{e}m um 'Breve roteiro introdut\'{o}rio ao campo de estudo da Comunica\c{c}\~{a}o Social no Brasil' que se constitui em texto-mapa sobre as diversas teorias da \'{a}rea.},
  Keywords                 = {FAFICH,monografia,m\'{i}dia},
  Mendeley-tags            = {FAFICH,monografia,m\'{i}dia},
  Pages                    = {368}
}

@InCollection{MAIA2011,
  Title                    = {{Internet e Esfera Civil: Limites e Alcances da Participa\c{c}\~{a}o Pol\'{i}tica}},
  Author                   = {Maia, Rousiley Celi Moreira},
  Booktitle                = {Internet e Participa\c{c}\~{a}o Pol\'{i}tica no Brasil},
  Publisher                = {Sulina},
  Year                     = {2011},

  Address                  = {Porto Alegre},
  Edition                  = {1ª},
  Editor                   = {Maia, Rousiley Celi Moreira and Gomes, Wilson and Marques, Francisco Paulo Jamil Almeida},
  Pages                    = {47--94},

  Keywords                 = {FAFICH,internet,monografia,participa\c{c}\~{a}o digital},
  Mendeley-tags            = {FAFICH,internet,monografia,participa\c{c}\~{a}o digital}
}

@InCollection{MAINWARING2003,
  Title                    = {{Introduction: Democratic Accountability in Latin America}},
  Author                   = {Mainwaring, Scott},
  Booktitle                = {Democratic Accountability in Latin America},
  Publisher                = {Oxford University Press},
  Year                     = {2003},

  Address                  = {New York},
  Pages                    = {3--33},

  Keywords                 = {FAFICH,democracia,monografia,participa\c{c}\~{a}o social},
  Mendeley-tags            = {FAFICH,democracia,monografia,participa\c{c}\~{a}o social}
}

@Article{MALINI2009,
  Title                    = {{O valor no capitalismo cognitivo e a cultura hacker}},
  Author                   = {Malini, F\'{a}bio},
  Journal                  = {Liinc em Revista},
  Year                     = {2009},
  Number                   = {2},
  Pages                    = {191--205},
  Volume                   = {5},

  Abstract                 = {Este trabalho busca organizar os principais debates sobre o conceito de valor no interior da cr\'{i}tica ao capitalismo cognitivo, sobretudo na obra de Antonio Negri e Andr\'{e} Gorz. Parte - se dessa cr\'{i}tica para se chegar \`{a} an\'{a}lise da cultura hacker como um novo campo de antagonismo social, marcado pela renova\c{c}\~{a}o do conceito de resist\^{e}ncia, onde a valoriza\c{c}\~{a}o da mercadoria se associa cada vez mais ao aumento da quantidade de coopera\c{c}\~{a}o socia l e intelig\^{e}ncia incorporadas aos bens/servi\c{c}os, sem que necessariamente passe por processos de explora\c{c}\~{a}o capitalista.},
  Address                  = {Rio de Janeiro},
  File                     = {:home/haydee/\'{A}rea de trabalho/Ref\_bib/Malini\_2009.pdf:pdf},
  Keywords                 = {FAFICH,capitalismo cognitivo,conhecimento,informa\c{c}\~{a}o,monografia,valor},
  Mendeley-tags            = {FAFICH,capitalismo cognitivo,monografia},
  Url                      = {http://www.brapci.inf.br/\_repositorio/2010/05/pdf\_aaff99be20\_0010466.pdf}
}

@Book{MALINI2013,
  Title                    = {{A Internet e a Rua: Ciberativismo e Mobiliza\c{c}\~{a}o nas Redes Sociais}},
  Author                   = {Malini, F\'{a}bio and Antoun, Henrique},
  Publisher                = {Sulina},
  Year                     = {2013},

  Address                  = {Porto Alegre},

  Keywords                 = {FAFICH,ciberespa\c{c}o,monografia,participa\c{c}\~{a}o digital},
  Mendeley-tags            = {FAFICH,ciberespa\c{c}o,monografia,participa\c{c}\~{a}o digital},
  Pages                    = {278}
}

@Book{MANIN1997,
  Title                    = {{The Principles of Representative Government}},
  Author                   = {Manin, Bernard},
  Publisher                = {Cambridge University Press},
  Year                     = {1997},

  Address                  = {Cambridge},

  Keywords                 = {FAFICH,democracia,monografia,representacao},
  Mendeley-tags            = {FAFICH,democracia,monografia,representacao}
}

@InCollection{MARQUES2011,
  Title                    = {{Participa\c{c}\~{a}o, Institui\c{c}\~{o}es Pol\'{i}ticas e Internet: um Exame dos Canais Participativos Presentes nos Portais da C\^{a}mara e da Presid\^{e}ncia do Brasil}},
  Author                   = {Marques, Francisco Paulo Jamil Almeida},
  Booktitle                = {Internet e Participa\c{c}\~{a}o Pol\'{i}tica no Brasil},
  Publisher                = {Sulina},
  Year                     = {2011},

  Address                  = {Porto Alegre},
  Edition                  = {1ª},
  Editor                   = {Maia, Rousiley Celi Moreira and Gomes, Wilson and Marques, Francisco Paulo Jamil Almeida},
  Pages                    = {95--122},

  Keywords                 = {FAFICH,monografia,participa\c{c}\~{a}o digital},
  Mendeley-tags            = {FAFICH,monografia,participa\c{c}\~{a}o digital}
}

@Article{MARQUES2010a,
  Title                    = {{Participa\c{c}\~{a}o, institui\c{c}\~{o}es pol\'{i}ticas e Internet: um exame dos canais participativos nos portais da C\^{a}mara e da Presid\^{e}ncia do Brasil}},
  Author                   = {Marques, Francisco Paulo Jamil Almeida},
  Journal                  = {Intercom-Revista Brasileira de Ci\^{e}ncias da Comunica\c{c}\~{a}o},
  Year                     = {2010},
  Pages                    = {53--79},
  Volume                   = {33},

  Abstract                 = {Este artigo investiga como duas institui\c{c}\~{o}es do Estado brasileiro - a Presid\^{e}ncia da Rep\'{u}blica e a C\^{a}mara dos Deputados - oferecem, por meio da Internet, ca- nais voltados \`{a} promo\c{c}\~{a}o da participa\c{c}\~{a}o pol\'{i}tica dos cidad\~{a}os. Ap\'{o}s revis\~{a}o da literatura a tratar da interface entre Internet e Democracia, dedica-se especial cuidado ao invent\'{a}rio e \`{a} descri\c{c}\~{a}o dos mecanismos participativos encontrados nestas duas experi\^{e}ncias, bem como reflete-se acerca de seus poss\'{i}veis efeitos sobre o processo de produ\c{c}\~{a}o da decis\~{a}o pol\'{i}tica. No caso da C\^{a}mara, identifica- se, em compara\c{c}\~{a}o com o Portal da Presid\^{e}ncia, maior variedade de canais a concretizarem a participa\c{c}\~{a}o. Logo, a natureza da intera\c{c}\~{a}o que a esfera civil mant\'{e}m com esta institui\c{c}\~{a}o tende a ser diferenciada. Tamb\'{e}m s\~{a}o discutidos outros aspectos a influenciarem a oferta destes mecanismos, tais como seus custos pol\'{i}ticos. Refor\c{c}a-se, ao final, a necessidade de se pensar os meios digitais em interface com o contexto cultural e pol\'{i}tico de cada sociedade democr\'{a}tica.},
  File                     = {:home/haydee/\'{A}rea de trabalho/Ref\_bib/Marques\_2010(2).pdf:pdf},
  Keywords                 = {FAFICH,democracia,institui\c{c}\~{o}es,internet,monografia,participa\c{c}\~{a}o,pol\'{i}ticas},
  Mendeley-tags            = {FAFICH,monografia},
  Url                      = {http://200.144.189.84/revistas/index.php/revistaintercom/article/viewArticle/147}
}

@Article{MARQUES2010b,
  Title                    = {{"Muro baixo, o povo pula": iniciativas institucionais de participa\c{c}\~{a}o digital e seus desafios fundamentais}},
  Author                   = {Marques, Francisco Paulo Jamil Almeida},
  Journal                  = {Opini\~{a}o P\'{u}blica},
  Year                     = {2010},
  Number                   = {1},
  Pages                    = {117--142},
  Volume                   = {16},

  Abstract                 = {O artigo investiga as dificuldades mais comuns enfrentadas pelos projetos governamentais voltados para incrementar a participa\c{c}\~{a}o atrav\'{e}s do emprego dos media digitais. Ap\'{o}s breve diagn\'{o}stico dos recursos participativos existentes nos Portais da Presid\^{e}ncia da Rep\'{u}blica e da C\^{a}mara dos Deputados, \'{e} verificado se os constrangimentos t\'{e}cnicos e pol\'{i}ticos que a literatura aponta em rela\c{c}\~{a}o \`{a} ado\c{c}\~{a}o das ferramentas de comunica\c{c}\~{a}o digital se refletem em tais experi\^{e}ncias. \`{A} luz dos elementos fornecidos pela investiga\c{c}\~{a}o dos casos emp\'{i}ricos, defende-se o argumento de que promover a participa\c{c}\~{a}o requer mais do que a oferta de recursos de comunica\c{c}\~{a}o, uma vez que cultura c\'{i}vica e outras peculiaridades de cada democracia s\~{a}o fatores determinantes a influenciarem os padr\~{o}es de envolvimento pol\'{i}tico. Se a id\'{e}ia dos autores mais euf\'{o}ricos se refere ao argumento de que a Internet torna o ``muro'' que protege as institui\c{c}\~{o}es representativas mais f\'{a}cil de pular, deve-se considerar que o jogo pol\'{i}tico tradicional conta, muitas vezes, com artif\'{i}cios pr\'{o}prios a fim de evitar o emprego efetivo das capacidades da rede digital.},
  File                     = {:home/haydee/\'{A}rea de trabalho/Ref\_bib/Marques\_2010.pdf:pdf},
  Keywords                 = {FAFICH,e-democracy,e-government,institui\c{c}\~{o}es pol\'{i}ticas,monografia,opini\~{a}o p\'{u}blica,participa\c{c}\~{a}o digital,participa\c{c}\~{a}o pol\'{i}tica},
  Mendeley-tags            = {FAFICH,monografia,participa\c{c}\~{a}o digital},
  Url                      = {http://www.scielo.br/scielo.php?pid=S0104-62762010000100005\&script=sci\_arttext\&tlng=es}
}

@Article{MARQUES2010c,
  Title                    = {{Internet, canais de participa\c{c}\~{a}o e efeitos pol\'{i}ticos: um estudo do Portal da C\^{a}mara}},
  Author                   = {Marques, Francisco Paulo Jamil Almeida},
  Journal                  = {Fronteiras – estudos midi\'{a}ticos},
  Year                     = {2010},

  Month                    = sep,
  Number                   = {2},
  Pages                    = {82--94},
  Volume                   = {12},

  Abstract                 = {O trabalho investiga os efeitos que os usos dos recursos digitais de participa\c{c}\~{a}o presentes em portais institucionais s\~{a}o capazes de gerar sobre o processo de produ\c{c}\~{a}o da decis\~{a}o pol\'{i}tica. A partir do exame emp\'{i}rico das caracter\'{i}sticas e das formas de uso dos canais de input pol\'{i}tico diagnosticados no Portal da C\^{a}mara dos Deputados (Brasil), s\~{a}o questionados os limites da influ\^{e}ncia que os cidad\~{a}os conseguem exercer sobre seus representantes. Na experi\^{e}ncia analisada, descobriu-se que, n\~{a}o obstante a variedade de instrumentos voltados para fomentar a participa\c{c}\~{a}o, os usu\'{a}rios s\~{a}o dotados de insumos que restringem seus modos de interven\c{c}\~{a}o a atividades como debater, sugerir ou, no m\'{a}ximo, pressionar os parlamentares (isso n\~{a}o \'{e} pouco, mas contradiz os discursos mais euf\'{o}ricos acerca do potencial dos dispositivos digitais). Acredita-se que esta limita\c{c}\~{a}o se d\'{a} pela for\c{c}a das regras tradicionais que orientam o jogo pol\'{i}tico, marcadas pela \^{e}nfase na democracia representativa.},
  Doi                      = {10.4013/fem.2010.122.03},
  File                     = {:home/haydee/\'{A}rea de trabalho/Ref\_bib/Marques\_2010(3).pdf:pdf},
  ISSN                     = {15186113},
  Keywords                 = {FAFICH,institui\c{c}\~{o}es pol\'{i}ticas,institutions politiques.,internet,monografia,participation,participa\c{c}\~{a}o,participa\c{c}\~{a}o digital,political institutions},
  Mendeley-tags            = {FAFICH,internet,monografia,participa\c{c}\~{a}o digital},
  Url                      = {http://revistas.unisinos.br/index.php/fronteiras/article/view/4669}
}

@Article{MARQUES2009,
  Title                    = {{Internet e Participa\c{c}\~{a}o Pol\'{i}tica no Caso do Estado Brasileiro: Um Relato de Pesquisa}},
  Author                   = {Marques, Francisco Paulo Jamil Almeida},
  Journal                  = {Em Quest\~{a}o},
  Year                     = {2009},
  Number                   = {219-247},
  Volume                   = {15},

  Keywords                 = {FAFICH,internet,monografia,participa\c{c}\~{a}o digital},
  Mendeley-tags            = {FAFICH,internet,monografia,participa\c{c}\~{a}o digital}
}

@PhdThesis{MARQUES2008,
  Title                    = {{Participa\c{c}\~{a}o Pol\'{i}tica e Internet: Meios e Oportunidades Digitais de Participa\c{c}\~{a}o Civil na Democracia Contempor\^{a}nea}},
  Author                   = {Marques, Francisco Paulo Jamil Almeida},
  School                   = {Universidade Federal da Bahia},
  Year                     = {2008},
  Type                     = {Tese de Doutoramento},

  Keywords                 = {FAFICH,internet,monografia,participa\c{c}\~{a}o social},
  Mendeley-tags            = {FAFICH,internet,monografia,participa\c{c}\~{a}o social},
  Pages                    = {498}
}

@Article{MARQUES2007,
  Title                    = {{Internet e Parlamento: um Estudo dos Mecanismos de Participa\c{c}\~{a}o Oferecidos pelo Poder Legislativo Atrav\'{e}s de Ferramenta online}},
  Author                   = {Marques, Francisco Paulo Jamil Almeida and Miola, Edna},
  Journal                  = {E-Comp\'{o}s},
  Year                     = {2007},
  Pages                    = {1--20},
  Volume                   = {9},

  Keywords                 = {FAFICH,internet,monografia,participa\c{c}\~{a}o digital},
  Mendeley-tags            = {FAFICH,internet,monografia,participa\c{c}\~{a}o digital}
}

@Article{MARQUETTI2003,
  Title                    = {Participa{\c{c}}{\~a}o e redistribui{\c{c}}{\~a}o: o or{\c{c}}amento participativo em Porto Alegre},
  Author                   = {Marquetti, Adalmir},
  Journal                  = {A inova{\c{c}}{\~a}o democr{\'a}tica no Brasil},
  Year                     = {2003},
  Pages                    = {129--156},
  Volume                   = {1},

  Publisher                = {Cortez S{\~a}o Paulo},
  Url                      = {http://democraciaejustica.org/cienciapolitica3/sites/default/files/participacao_e_redistribuicao_orcamento_participativo_em_porto_alegre_adalmir_marquetti.pdf}
}

@Article{MARTINS1997,
  Title                    = {{Burocracia e a Revolu\c{c}\~{a}o Gerencial - a Persist\^{e}ncia da Dicotomia entre Pol\'{i}tica e Administra\c{c}\~{a}o}},
  Author                   = {Martins, Humberto Falc\~{a}o},
  Journal                  = {Revista do Servi\c{c}o P\'{u}blico},
  Year                     = {1997},
  Number                   = {1},
  Volume                   = {48},

  Keywords                 = {FAFICH,monografia,pol\'{i}tica},
  Mendeley-tags            = {FAFICH,monografia,pol\'{i}tica}
}

@Article{medaglia2012,
  Title                    = {{eParticipation research: Moving characterization forward (2006–2011)}},
  Author                   = {Medaglia, Rony},
  Journal                  = {Government Information Quarterly},
  Year                     = {2012},

  Month                    = jul,
  Number                   = {3},
  Pages                    = {346--360},
  Volume                   = {29},

  Abstract                 = {Research on the use of information technology to support democratic decision-making (eParticipation) is experiencing ongoing growth, stimulated by an increasing attention from both practitioner and research communities. This study provides the first longitudinal analysis of the development of the eParticipation field based on a shared framework, capturing the directions that the research field of eParticipation is taking in recent developments. Drawing on a literature search covering the period from April 2006 to March 2011, this study identifies, ana- lyzes, and classifies 122 research articles within the categories of eParticipation actors, activities, contextual factors, effects, evaluation, and methods. Findings show that the field has a high level of dynamism, as foci on eParticipation activities, contextual fac- tors, and effects have shifted in time, sometimes in counterintuitive directions. The study also suggests new analytical categories of research. Drawing on the analysis, inputs for a research agenda are suggested. These include the need to move beyond a technological perspective, encouraging the ongoing shift of research focus from government to citizens and other stakeholders, and the need to make eParticipation research methods more participatory in nature.},
  Doi                      = {10.1016/j.giq.2012.02.010},
  File                     = {:home/haydee/\'{A}rea de trabalho/Ref\_bib/Medaglia\_2012.pdf:pdf},
  ISSN                     = {0740624X},
  Keywords                 = {FAFICH,Literature review,eDemocracy,eGovernment,eParticipation,monografia,participa\c{c}\~{a}o digital},
  Mendeley-tags            = {FAFICH,monografia,participa\c{c}\~{a}o digital},
  Publisher                = {Elsevier Inc.},
  Url                      = {http://linkinghub.elsevier.com/retrieve/pii/S0740624X12000378}
}

@Article{MIGUEL2003,
  Title                    = {{Representa\c{c}\~{a}o Pol\'{i}tica em 3D: Elementos para uma TEoria Ampliada da Representa\c{c}\~{a}o Pol\'{i}tica}},
  Author                   = {Miguel, Luis Felipe},
  Journal                  = {Revista Brasileira de Ciencias Sociais},
  Year                     = {2003},
  Number                   = {51},
  Pages                    = {123--193},
  Volume                   = {18},

  Abstract                 = {O artigo discute os impasses e as al- ternativas para a representa\c{c}\~{a}o pol\'{i}- tica, tomando como ponto de parti- da a pol\^{e}mica sobre o conceito de poder, travada nos anos de 1960 e 1970 na ci\^{e}ncia pol\'{i}tica anglo-sax\~{a} e envolvendo, notadamente, Robert Dahl, Bachrach, Baratz e Steven Lu- kes. De acordo com o \'{u}ltimo, a compreens\~{a}o do poder deve levar em conta tr\^{e}s dimens\~{o}es: 1) a capa- cidade de tomar decis\~{o}es ou de vet\'{a}-las; 2) o controle sobre a agen- da, isto \'{e}, a determina\c{c}\~{a}o das ques- t\~{o}es que ser\~{a}o alvo de decis\~{a}o; e 3) a capacidade de anular o conflito social, impedindo que indiv\'{i}duos e grupos sociais tomem consci\^{e}ncia de seus verdadeiros interesses. Ape- sar dos problemas presentes nessa formula\c{c}\~{a}o, ela \'{e} \'{u}til para pensar a representa\c{c}\~{a}o pol\'{i}tica. As teorias predominantes levam em considera- \c{c}\~{a}o apenas a face mais evidente da representa\c{c}\~{a}o pol\'{i}tica, a escolha da- queles que tomar\~{a}o as decis\~{o}es. Mas uma democracia representativa mais pr\'{o}xima do ideal de soberania popular deveria contemplar a se- gunda dimens\~{a}o – a forma\c{c}\~{a}o da agenda, hoje fortemente determina- da pelos meios de comunica\c{c}\~{a}o de massa. Portanto, cabe entender a m\'{i}dia como sendo tamb\'{e}m um es- pa\c{c}o de representa\c{c}\~{a}o pol\'{i}tica. E o reconhecimento da terceira dimen- s\~{a}o implica a necessidade de gera- \c{c}\~{a}o de espa\c{c}os que permitam aos grupos subalternos formularem au- tonomamente seus interesses, isto \'{e}, de uma sociedade civil desenvolvida e plural.},
  File                     = {:home/haydee/\'{A}rea de trabalho/Ref\_bib/Miguel\_2003.pdf:pdf},
  Keywords                 = {FAFICH,agenda p\'{u}blica,democracia,monografia,m\'{i}dia,representacao,representa\c{c}\~{a}o pol\'{i}tica,sociedade civil},
  Mendeley-tags            = {FAFICH,democracia,monografia,representacao},
  Url                      = {http://www.scielo.br/pdf/rbcsoc/v18n51/15989}
}

@Book{MILES1984,
  Title                    = {{Qualitative Data Analysis: a Sourcebook of New Methods}},
  Author                   = {Miles, M. B. and Ubermann, A. M.},
  Publisher                = {Sage Publisher},
  Year                     = {1984},

  Address                  = {Bervely Hills},

  Keywords                 = {FAFICH,monografia,m\'{e}todo},
  Mendeley-tags            = {FAFICH,monografia,m\'{e}todo}
}

@Book{MILLS1981,
  Title                    = {{A Elite do Poder}},
  Author                   = {Mills, C. Wright},
  Publisher                = {Zahar},
  Year                     = {1981},

  Address                  = {Rio de Janeiro},

  Keywords                 = {FAFICH,democraci,monografia},
  Mendeley-tags            = {FAFICH,democraci,monografia}
}

@Book{MINAYO1996,
  Title                    = {{Pesquisa Social: Teoria, M\'{e}todo e Criatividade}},
  Author                   = {Minayo, Maria Cecilia de Souza},
  Publisher                = {Vozes},
  Year                     = {1996},

  Address                  = {Petr\'{o}polis},

  Keywords                 = {FAFICH,monografia,m\'{e}todo},
  Mendeley-tags            = {FAFICH,monografia,m\'{e}todo}
}

@InCollection{MIOLA2011,
  Title                    = {{Iniciativas Institucionais de Delibera\c{c}\~{a}o online: um Estudo do F\'{o}rum de Discuss\~{a}o do Portal da C\^{a}mara dos Deputados}},
  Author                   = {Miola, Edna},
  Booktitle                = {Internet e Participa\c{c}\~{a}o Pol\'{i}tica no Brasil},
  Publisher                = {Sulina},
  Year                     = {2011},

  Address                  = {Porto Alegre},
  Editor                   = {Maia, Rousiley Celi Moreira and Gomes, Wilson and Marques, Francisco Paulo Jamil Almeida},
  Pages                    = {147--174},

  Keywords                 = {FAFICH,internet,monografia,participa\c{c}\~{a}o digital},
  Mendeley-tags            = {FAFICH,internet,monografia,participa\c{c}\~{a}o digital}
}

@InProceedings{NORRIS2000,
  Title                    = {{Democratic Divide? The Impact of the Internet on Parliaments Worldwid}},
  Author                   = {Norris, Pippa},
  Booktitle                = {American Political Science Association},
  Year                     = {2000},

  Address                  = {Washington DC},
  Number                   = {September 2000},
  Pages                    = {1--26},
  Publisher                = {APSA},

  Abstract                 = {Cyber - optimists express many hopes that the Internet may revive democracy but will this promise be fulfilled? Rejecting the view that either everything will chang e as direct democracy on the Internet comes to replace representative governance, or alternatively that nothing will change as the digital world merely replicates ‘ politics as usual ’ , this study develops the argument that the overall influence of the Inter net will be one that strengthens the core political institutions and middle - level actors within representative democracie s. This process, it is argued, is particularly important for newer democracies around the globe struggling with multiple problems of institutionalization and consolidation in the transition process. To develop this argument, Part I outlines the debat e in the literature between cyber - optimists who envisage a rosy scenario and cyber - pessimists who are more skeptical about future developments in the digital world, and then sets out the core theoretical framework and Internet Engagement model for this study. Part II goes on to examin e evidence supporting the central thesis by comparing the role of parliaments on the Internet in 179 nations around the world, focusing on establishing which parliaments are online, how far democratization drives this process, and using content analysis to see how far parliamentary web sites function to provide comprehensive information about their activities and interactive communications to encourage public feedback. The conclusion summarizes the core findings and considers the implications for understanding the role of the Internet w ithin representative democracy.},
  File                     = {:home/haydee/\'{A}rea de trabalho/Ref\_bib/Norris\_2000.pdf:pdf},
  Keywords                 = {FAFICH,democracia,monografia},
  Mendeley-tags            = {FAFICH,democracia,monografia},
  Url                      = {http://www.hks.harvard.edu/fs/pnorris/Acrobat/apsa2000demdiv.pdf}
}

@Article{ODONELL1998,
  Title                    = {\emph{Accountability} horizontal e novas poliarquias},
  Author                   = {O'DONELL, Guillermo},
  Journal                  = {Revista Lua Nova},
  Year                     = {1998},
  Number                   = {44},
  Pages                    = {27--54},

  Abstract                 = {As poliarquias desenvolvidas do Ocidente condensam influências de três tradi\c{c}\~{o}es pol\'{i}ticas distintas: a liberal, a republicana e a democr\'{a}tica. As tradi\c{c}\~{o}es liberal e republicana s\~{a}o as respons\'{a}veis pela ``accountability horizontal", um tra\c{c}o crucial dessas poliarquias que est\'{a} ausente das novas democracias. Discute-se o significado diso, e como a accountability horizontal poderia ser criada nestas \'{u}ltimas.},
  Url                      = {http://www.scielo.br/scielo.php?script=sci_arttext&pid=S0102-64451998000200003&lng=pt&nrm=iso&tlng=pt}
}

@Article{oliveira1984,
  Title                    = {{Democraticar e humanizar a tecnologia: Andrew Feenberg e Hans Jonas}},
  Author                   = {de Oliveira, JR},
  Journal                  = {Revista Tecnologia e Sociedade},
  Year                     = {1984},
  Pages                    = {148--160},
  Volume                   = {Edi\c{c}\~{a}o Esp},

  Abstract                 = {O objetivo do trabalho \'{e} aproximar essas duas vis\~{o}es no que tange, da parte de Jonas, \`{a} pergunta sobre os riscos e amea\c{c}as trazidos pelo poder tecnol\'{o}gico e, da parte de Feenberg, \`{a} pergunta sobre os interesses fundantes da t\'{e}cnica e, mais especificamente, ao problema da tecnocracia. Como sa\'{i}da poss\'{i}vel, Feenberg fala em “democratiza\c{c}\~{a}o” da tecnologia e Jonas, da “humaniza\c{c}\~{a}o da t\'{e}cnica”, uma proposta que, ao nosso ver, mant\'{e}m fortes v\'{i}nculos com o projeto de “democratiza\c{c}\~{a}o” de Feenberg, ainda que Jonas tenha insistido mais nos riscos e nas amea\c{c}as quando da realiza\c{c}\~{a}o do diagn\'{o}stico, dando prefer\^{e}ncia ao progn\'{o}stico negativo (heur\'{i}stica do temor), algo que Feenberg parece evitar, a fim de formular um pensamento que sintetize benef\'{i}cios e riscos, utilizando-se, para isso, das pesquisas emp\'{i}ricas no campo da tecnologia (principalmente a de comunica\c{c}\~{a}o) \`{a}s quais Jonas deu pouca relev\^{a}ncia, em nome de um maior interesse nas pesquisas da biotecnologia.},
  File                     = {:home/haydee/\'{A}rea de trabalho/Ref\_bib/Oliveira\_1984.pdf:pdf},
  Keywords                 = {Democratiza\c{c}\~{a}o,FAFICH,Feenberg,Humaniza\c{c}\~{a}o,Jonas,Tecnologia,monografia,participa\c{c}\~{a}o digital},
  Mendeley-tags            = {FAFICH,monografia,participa\c{c}\~{a}o digital},
  Url                      = {http://files.dirppg.ct.utfpr.edu.br/ppgte/revistatecnologiaesociedade/revEdEspecialTECSOC2013/revEdEspecialTECSOC2013\_a13.pdf}
}

@Article{OLIVEIRA2001,
  Title                    = {Escalas de Mensura\c{c}ao de Atitudes: Thustone, Osgood, Stapel, Likert, Guttman, Alpert.},
  Author                   = {Oliveira, T. M. V.},
  Journal                  = {Revista Administra\c{c}\~{a}o Online},
  Year                     = {2001},
  Number                   = {3},
  Volume                   = {2},

  Comment                  = {Acesso em 23 de setembro},
  Owner                    = {haydee},
  Timestamp                = {2014.10.07},
  Url                      = {http://www.fecap.br/adm_online/art22/tania.htm}
}

@InCollection{PATEMAN1980,
  Title                    = {{The civic culture: A philosophic critique.}},
  Author                   = {Pateman, Carole},
  Booktitle                = {The civic culture revisited},
  Publisher                = {Little Brown},
  Year                     = {1980},

  Address                  = {Boston},
  Editor                   = {Almond, G. and Verba, S.},
  Pages                    = {57--102},

  Keywords                 = {FAFICH,monografia,participa\c{c}\~{a}o social},
  Mendeley-tags            = {FAFICH,monografia,participa\c{c}\~{a}o social},
  Url                      = {http://www.sagepub.com/books/Book2859/toc}
}

@Book{PATEMAN1992,
  Title                    = {{Participa\c{c}\~{a}o e Teoria Democr\'{a}tica}},
  Author                   = {Pateman, Carole},
  Publisher                = {Paz e Terra},
  Year                     = {1992},

  Address                  = {Rio de Janeiro},

  Keywords                 = {FAFICH,democracia,monografia},
  Mendeley-tags            = {FAFICH,democracia,monografia}
}

@Article{PEREIRA1999a,
  Title                    = {{O Movimento Oper\'{a}rio Brasileiro e as Massas Populares: Massas Obreiras / revolucion\'{a}rias ou Massas Ignorantes / Inertes?}},
  Author                   = {Pereira, Andr\'{e}a R. Sampaio},
  Journal                  = {Revista de Sociologia Politica},
  Year                     = {1999},
  Pages                    = {125--140},
  Volume                   = {13},

  Abstract                 = {O presente artigo procura analisar a influ\^{e}ncia da ``psicologia de massas'' sobre o movimento oper\'{a}rio brasileiro no per\'{i}odo entre 1917 e 1922. Nosso objetivo \'{e} demonstrar como os movimentos de esquerda podem ter os seus horizontes limitados quando da incorpora\c{c}\~{a}o de id\'{e}ias conservadoras e/ou burguesas.},
  File                     = {:home/haydee/\'{A}rea de trabalho/Ref\_bib/Pereira\_1999.pdf:pdf},
  Keywords                 = {FAFICH,ideologia,monografia,movimento oper\'{a}rio,psicologia de massas},
  Mendeley-tags            = {FAFICH,monografia},
  Url                      = {http://www.scielo.br/pdf/rsocp/n13/a10n13.pdf}
}

@Book{PEREIRA1999b,
  Title                    = {{An\'{a}lises de Dados Qualitativos: Estrat\'{e}gias Metodol\'{o}gicas para as Ci\^{e}ncias da Sa\'{u}de, Humanas e Sociais}},
  Author                   = {Pereira, Julio Cesar Rodrigues},
  Publisher                = {Editora da Universidade de S\~{a}o Paulo},
  Year                     = {1999},

  Address                  = {S\~{a}o Paulo},
  Edition                  = {2ª},

  Keywords                 = {FAFICH,an\'{a}lise,dados,monografia,m\'{e}todo,pesquisa qualitativa},
  Mendeley-tags            = {FAFICH,monografia,m\'{e}todo,pesquisa qualitativa},
  Pages                    = {157}
}

@InCollection{PERUZZOTTI2006,
  Title                    = {{Civil Society, Representation and Accountability: Restating Current Debates on the Representativeness and Accountability os Civil Associations}},
  Author                   = {Peruzzotti, Enrique},
  Booktitle                = {NGO Accountability - Politics, Principles and Innovations},
  Publisher                = {Earthscan},
  Year                     = {2006},

  Address                  = {London},
  Editor                   = {Jordan, Lisa and {Van Tuijl}, Peter (Coord)},

  Abstract                 = {As the fastest growing segment of civil society, as well as featuring prominently in the global political arena, NGOs are under fire for being 'unaccountable'. But who do NGOs actually represent? Who should they be accountable to and how? This book provides the first comprehensive examination of the issues and politics of NGO accountability across all sectors and internationally. It offers an assessment of the key technical tools available including legal accountability, certification and donor-based accountability regimes, and questions whether these are appropriate and viable options or attempts to 'roll-back' NGOs to a more one-dimensional function as organizers of national and global charity. Input and case studies are provided from NGOs such as ActionAid, and from every part of the globe including China, Indonesia and Uganda. In the spirit of moving towards greater accountability the book looks in detail at innovations that have developed from within NGOs and offers new approaches and flexible frameworks that enable accountability to become a reality for all parties worldwide.},
  Url                      = {http://www.academia.edu/4986535/Civil\_Society\_Representation\_and\_Accountability.\_Restating\_Current\_Debates\_on\_the\_Representativeness\_and\_Accountability\_of\_Civil\_Assciations}
}

@Article{PINHEIRO2005,
  Title                    = {Equidade em sa\'{u}de nos relat\'{o}rios das conferências nacionais de sa\'{u}de p\'{o}s-Constitui\c{c}\~{a}o Federal brasileira de 1988},
  Author                   = {PINHEIRO, M. C. and WESTPHAL, M. F. and AKERMAN, M},
  Journal                  = {Cad.Sa\'{u}de P\'{u}blica},
  Year                     = {2005},
  Number                   = {2},
  Pages                    = {449--458},
  Volume                   = {21},

  Url                      = {http://www.scielo.br/scielo.php?script=sci_arttext&pid=S0102-64451998000200003&lng=pt&nrm=iso&tlng=pt}
}

@Article{Poissant2006,
  Title                    = {{Le virtuel au pluriel : cartographie d’une notion ambigu\"{e}}},
  Author                   = {Poissant, L},
  Year                     = {2006},

  File                     = {:home/haydee/\'{A}rea de trabalho/Ref\_bib/Poissant\_2006.pdf:pdf}
}

@InProceedings{REIS1997,
  Title                    = {{Cidadania: hist\'{o}ria, teoria e utopia}},
  Author                   = {Reis, Elisa},
  Booktitle                = {Transcri\c{c}\~{a}o de palestra proferida com este t\'{i}tulo no Semin\'{a}rio Internacional Justi\c{c}a e Cidadania},
  Year                     = {1997},

  Address                  = {Rio de Janeiro},
  Pages                    = {11--17},

  File                     = {:home/haydee/\'{A}rea de trabalho/Ref\_bib/Reis\_1997.pdf:pdf},
  Keywords                 = {FAFICH,democracia,monografia},
  Mendeley-tags            = {FAFICH,democracia,monografia},
  Url                      = {http://www.comunidadesegura.org.br/files/cidadaniahistoriateoriaeutopia.pdf}
}

@InCollection{SAMPAIO2011,
  Title                    = {{Qu\~{a}o Delibertaivas s\~{a}o as discuss\~{o}es na Rede?}},
  Author                   = {Sampaio, Rafael Cardoso},
  Booktitle                = {Internet e Participa\c{c}\~{a}o Pol\'{i}tica no Brasil},
  Publisher                = {Sulina},
  Year                     = {2011},

  Address                  = {Porto Alegre},
  Edition                  = {1},
  Editor                   = {Maia, Rousiley Celi Moreira and Gomes, Wilson and Marques, Francisco Paulo Jamil Almeida},
  Pages                    = {197--230},

  Keywords                 = {FAFICH,internet,monografia,participa\c{c}\~{a}o digital},
  Mendeley-tags            = {FAFICH,internet,monografia,participa\c{c}\~{a}o digital}
}

@Article{SANTANA2013,
  Title                    = {{Brasil: «No es por 0, 20. Es por los derechos»}},
  Author                   = {Santana, Bianca and Silva, Daniela Bezerra},
  Journal                  = {Nueva Sociedad},
  Year                     = {2013},
  Pages                    = {4--15},
  Volume                   = {247},

  Abstract                 = {Horizontalidad, autoorganizaci\'{o}n, pol\'{i}tica en red\ldots varios de estos t\'{e}rminos dan cuenta de los nuevos tipos de movilizaciones ligados a los llamados 'movimientos \#Occupy'. Se trata de formas de protesta y articulaciones sociales inestables a las que los gobiernos no saben c\'{o}mo responder y que los partidos de la oposici\'{o}n no tienen claro c\'{o}mo capitalizar. En este marco, no resulta extra\~{n}o que las recientes protestas en Brasil sorprendieran tanto al gobierno como al Partido de los Trabajadores (PT) y a la derecha, luego de varios a\~{n}os de mejora en las condiciones sociales. En este art\'{i}culo se proponen algunas claves de lectura a partir de la pol\'{i}tica en red.},
  File                     = {:home/haydee/\'{A}rea de trabalho/Ref\_bib/Santana, Silva\_2013.pdf:pdf},
  Keywords                 = {FAFICH,brasil,internet,jornadas de junho,monografia,movimiento pase libre,mps,nota,pol\'{i}tica en red,protestas,redes sociales,rua,s,sara daitch,traducci\'{o}n del portugu\'{e}s de},
  Mendeley-tags            = {FAFICH,internet,jornadas de junho,monografia,rua},
  Url                      = {http://www.nuso.org/upload/articulos/3973\_1.pdf}
}

@Book{SANTOS2002,
  Title                    = {{Reinventar a Democracia}},
  Author                   = {Santos, Boaventura De Sousa},
  Publisher                = {Gradiva Publica\c{c}\~{o}es},
  Year                     = {2002},

  Address                  = {Lisboa},
  Edition                  = {2ª},

  File                     = {:home/haydee/\'{A}rea de trabalho/Ref\_bib/Santos\_2002.pdf:pdf},
  Keywords                 = {FAFICH,democracia,monografia},
  Mendeley-tags            = {FAFICH,democracia,monografia},
  Pages                    = {75}
}

@Article{SANTOS1998,
  Title                    = {Participatory budgeting in Porto Alegre: towards a redistributive justice},
  Author                   = {SANTOS, Boaventura de Souza},
  Journal                  = {Politics and Society},
  Year                     = {1998},
  Number                   = {4},
  Pages                    = {13--23},
  Volume                   = {26}
}

@MastersThesis{SANTOS2006,
  Title                    = {Desigualdade social e inclus\~{a}o digital no Bras},
  Author                   = {Santos, Edvalter Souza},
  School                   = {IPPUR/UFRJ},
  Year                     = {2006},

  Abstract                 = {O desenvolvimento das Tecnologias da Informa\c{c}\~{a}o e da Comunica\c{c}\~{a}o (TIC) e sua desigual apropria\c{c}\~{a}o pelos diferentes estratos sociais originaram um novo tipo de desigualdade, cuja face mais vis\'{i}vel (n\~{a}o, talvez, a mais relevante) \'{e} a impossibilidade de acesso dos mais pobres ao computador, \`{a} internet e aos conhecimentos b\'{a}sicos de inform\'{a}tica. Trata-se da desigualdade digital (para alguns, exclus\~{a}o digital; nos EUA, digital divide; na Argentina, brecha digital ). Para combatê-la, o Governo e seus parceiros da sociedade civil e do mercado anunciam uma pol\'{i}tica de inclus\~{a}o digital universal autonomista e cidad\~{a}, isto \'{e}, garantia de treinamento b\'{a}sico e de acesso \`{a}s TIC para toda a popula\c{c}\~{a}o, apoiada num modelo pedag\'{o}gico capaz de promover o desenvolvimento da autonomia e da competência/motiva\c{c}\~{a}o para a participa\c{c}\~{a}o cidad\~{a} do sujeito. O projeto prevê a implanta\c{c}\~{a}o de laborat\'{o}rios de inform\'{a}tica ligados \`{a} internet nas escolas p\'{u}blicas, e a cria\c{c}\~{a}o de telecentros p\'{u}blicos gratuitos para a popula\c{c}\~{a}o pobre fora-da-escola. Contudo, nossa pesquisa encontrou escolas pobremente equipadas, contato muito reduzido do aluno com o laborat\'{o}rio, falta de manuten\c{c}\~{a}o das m\'{a}quinas e insuficiência de professores capacitados. O n\'{u}mero de telecentros \'{e} irris\'{o}rio, quando mais da metade dos brasileiros (54,79\%) nunca usou computadores e 67,76\% jamais entrou na internet. E, a pedagogia da “autonomiza\c{c}\~{a}o” e da “conscientiza\c{c}\~{a}o cidad\~{a}” requer intera\c{c}\~{a}o bem maior que o pobre contato instrutor/aluno no telecentro. Assim, a pol\'{i}tica anunciada est\'{a} sob quest\~{a}o. Contudo, um projeto mais honesto precisa ser tocado: s\~{a}o os contornos desta “inclus\~{a}o poss\'{i}vel” que nos propomos discutir. Conclu\'{i}mos que a inclus\~{a}o digital universal autonomista-cidad\~{a} n\~{a}o faz parte dos horizontes da d\'{e}cada, mas a “inclus\~{a}o poss\'{i}vel” \'{e} necess\'{a}ria. O caminho mais apropriado para a universaliza\c{c}\~{a}o em m\'{e}dio prazo \'{e} a informatiza\c{c}\~{a}o da escola p\'{u}blica. \'{E} urgente fazer de toda escola uma escola conectada. Os demais “exclu\'{i}dos digitais” devem ser atendidos atrav\'{e}s da implanta\c{c}\~{a}o de telecentros p\'{u}blicos. Mas, deve ser criada tamb\'{e}m um a solu\c{c}\~{a}o de parceria com “telecentros privados”, para atingir uma escala num\'{e}rica que as instala\c{c}\~{o}es p\'{u}blicas jamais poder\~{a}o alcan\c{c}ar.},
  Comment                  = {Acesso em 30 de setembro de 2014},
  Owner                    = {haydee},
  Timestamp                = {2014.10.07},
  Url                      = {http://www.ippur.ufrj.br/download/pub/EdvalterSouzaSantos-tese.pdf}
}

@InCollection{SCHMIDTKE1989,
  Title                    = {Berlin in the net: prospect for cyberdemocracy from above and below},
  Author                   = {Schimidtke, Oliver},
  Booktitle                = {Cyberdemocracy: technology, cities and civic networks},
  Publisher                = {Routledge},
  Year                     = {1998},

  Address                  = {Londres},
  Editor                   = {Tsagarousianou, Roza and Tambini, Damian and Bryan, Cahty},
  Pages                    = {60-83},

  Owner                    = {haydee},
  Timestamp                = {2014.10.08}
}

@Book{SCHUMPETER2010,
  Title                    = {{Capitalism, Socialism and Democracy (1947)}},
  Author                   = {Schumpeter, Joseph Alois},
  Publisher                = {Kessinger Publishing},
  Year                     = {2010},

  Address                  = {Whitefish},

  Abstract                 = {Capitalism, Socialism and Democracy remains one of the greatest works of social theory written this century. When it first appeared the New English Weekly predicted that `for the next five to ten years it will cetainly remain a work with which no one who professes any degree of information on sociology or economics can afford to be unacquainted.' Fifty years on, this prediction seems a little understated.

Why has the work endured so well? Schumpeter's contention that the seeds of capitalism's decline were internal, and his equal and opposite hostility to centralist socialism have perplexed, engaged and infuriated readers since the book's publication. By refusing to become an advocate for either position Schumpeter was able both to make his own great and original contribution and to clear the way for a more balanced consideration of the most important social movements of his and our time.},
  Pages                    = {424},
  Url                      = {http://www.amazon.com/Capitalism-Socialism-Democracy-Joseph-Schumpeter/dp/1169832121}
}

@Article{Shane2012,
  Title                    = {{Online Consultation and Political Communication in the Era of Obama: An Introduction}},
  Author                   = {Shane, PM},
  Journal                  = {\ldots consultation and the flow of political communication},
  Year                     = {2012},
  Pages                    = {352},

  File                     = {:home/haydee/\'{A}rea de trabalho/Ref\_bib/Shane\_2012.pdf:pdf},
  Keywords                 = {FAFICH,monografia},
  Mendeley-tags            = {FAFICH,monografia},
  Url                      = {http://books.google.com/books?hl=en\&lr=\&id=V4Syf5B6oeoC\&oi=fnd\&pg=PA1\&dq=Online+Consultation+and+Political+Communication+in+the+Era+of+Obama:+An+ntroduction\&ots=X2mutp7hGu\&sig=IMDoqqs03pmVgjIXYB8fx5yfQfw http://www.academia.edu/3622876/\_Online\_Consultation\_and\_Political\_Communication\_in\_the\_Era\_of\_Obama\_An\_Introduction\_in\_Stephen\_Coleman\_and\_Peter\_M.\_Shane\_eds.\_Connecting\_Democracy\_Online\_Consultation\_and\_the\_Flow\_of\_Political\_Communication\_MIT\_Press\_2012\_}
}

@PhdThesis{SILVA2010,
  Title                    = {{Transpar\^{e}ncia na esfera p\'{u}blica interconectada}},
  Author                   = {da Silva, Daniela Bezerra},
  School                   = {Faculdade Casper L\'{i}bero},
  Year                     = {2010},
  Type                     = {Master Thesis},

  File                     = {:home/haydee/\'{A}rea de trabalho/Ref\_bib/Silva\_2010.pdf:pdf},
  Keywords                 = {FAFICH,monografia,participa\c{c}\~{a}o digital},
  Mendeley-tags            = {FAFICH,monografia,participa\c{c}\~{a}o digital},
  Pages                    = {114},
  Url                      = {http://blog.esfera.mobi/wp-content/uploads/2010/04/transparencia\_esferapublica1.pdf http://www.facasper.com.br/rep\_arquivos/2011/03/25/1301072384.pdf}
}

@InCollection{SILVA2011,
  Title                    = {{Exig\^{e}ncias Democr\'{a}ticas e Dimens\~{o}es Anal\'{i}ticas para a Interface Digital do Estado}},
  Author                   = {da Silva, Sinvaldo Pereira},
  Booktitle                = {Internet e Participa\c{c}\~{a}o Pol\'{i}tica no Brasil},
  Publisher                = {Sulina},
  Year                     = {2011},

  Address                  = {Porto Alegre},
  Edition                  = {1ª},
  Editor                   = {Maia, Rousiley Celi Moreira and Gomes, Wilson and Marques, Francisco Paulo Jamil Almeida},
  Pages                    = {123--146},

  Keywords                 = {FAFICH,internet,monografia,participa\c{c}\~{a}o digital},
  Mendeley-tags            = {FAFICH,internet,monografia,participa\c{c}\~{a}o digital}
}

@Article{SILVA2005,
  Title                    = {{Graus de Participa\c{c}\~{a}o Democr\'{a}tica no Uso da Internet pelos Governos das Capitais Brasileiras}},
  Author                   = {da Silva, Sinvaldo Pereira},
  Journal                  = {Opini\~{a}o P\'{u}blica},
  Year                     = {2005},
  Number                   = {2},
  Pages                    = {268--278},
  Volume                   = {11},

  Keywords                 = {FAFICH,internet,monografia,participa\c{c}\~{a}o digital},
  Mendeley-tags            = {FAFICH,internet,monografia,participa\c{c}\~{a}o digital}
}

@Article{SILVEIRA2009,
  Title                    = {{Novas Dimens\~{o}es da Pol\'{i}tica: Protocolos e C\'{o}digos na Esfera P\'{u}blica Interconectada}},
  Author                   = {Silveira, S\'{e}rgio Amadeu},
  Journal                  = {Revista de Sociologia e Politica},
  Year                     = {2009},
  Number                   = {34},
  Pages                    = {103--113},
  Volume                   = {17},

  Abstract                 = {103 REVISTA DE SOCIOLOGIA E POL\'{I}TICA V. 17, Nº 34 : 103-113 OUT. 2009 RESUMO Rev. Sociol. Pol\'{i}t. , Curitiba, v. 17 , n. 34 , p. 103-113, out. 2009 Sergio Amadeu da Silveira NOVAS DIMENS\~{O}ES DA POL\'{I}TICA: PROTOCOLOS E C\'{O}DIGOS NA ESFERA P\'{U}BLICA INTERCONECTADA O texto prop\~{o}e a exist\^{e}ncia de uma divis\~{a}o b\'{a}sica na rela\c{c}\~{a}o entre pol\'{i}tica e Internet: a pol\'{i}tica “da” Internet e a pol\'{i}tica “na” Internet. Em seguida, agrega os temas das pol\'{i}ticas da internet em tr\^{e}s campos de disputas fundamentais: sobre a infra-estrutura da rede; sobre os formatos, padr\~{o}es e aplica\c{c}\~{o}es; e sobre os conte\'{u}dos. Analisa os temas pol\'{i}ticos atuais mais relevantes de cada campo conflituoso, articulando dois aspectos: o tecno-social e o jur\'{i}dico-legislativo. Este artigo trabalha com o conceito de arquitetura de poder, uma extens\~{a}o da defini\c{c}\~{a}o de Alexander Galloway sobre o gerenciamento protocolar, e com a perspectiva de Yochai Benkler sobre a exist\^{e}ncia de uma esfera p\'{u}blica interconectada. Sua conclus\~{a}o indica que a liberdade nas redes cibern\'{e}ticas depende da exist\^{e}ncia da navega\c{c}\~{a}o n\~{a}o-identificada, ou seja, do anonimato. Apontada como uma das principais contendas pol\'{i}ticas da Internet, a possibilidade do anonimato \'{e} apresentada como um elemento fundamental de resist\^{e}ncia frente \`{a}s amplas possibilidades de controle da comunica\c{c}\~{a}o social. Sendo assim, a garantia da liberdade de produzir conte\'{u}dos e de acess\'{a}- los nas redes cibern\'{e}ticas – em que os rastros digitais acompanham toda a navega\c{c}\~{a}o dos cidad\~{a}os interagentes – exige a defesa da n\~{a}o-identifica\c{c}\~{a}o.},
  File                     = {:home/haydee/\'{A}rea de trabalho/Ref\_bib/Silveira\_2009.pdf:pdf},
  Keywords                 = {FAFICH,arquiteturas de poder,ciberespa\c{c}o,ciberpol\'{i}tica,monografia,poder nas redes,pol\'{i}tica da Internet},
  Mendeley-tags            = {FAFICH,ciberespa\c{c}o,monografia},
  Url                      = {http://www.scielo.br/pdf/rsocp/v17n34/a08v17n34.pdf}
}

@Article{SILVEIRA2000,
  Title                    = {{O Novo Desafio da Democracia na Sociedade da Informa\c{c}\~{a}o}},
  Author                   = {Silveira, S\'{e}rgio Amadeu},
  Journal                  = {Anu\'{a}rio de Jornalismo},
  Year                     = {2000},
  Number                   = {1},
  Pages                    = {30--40},
  Volume                   = {1},

  Keywords                 = {FAFICH,democracia,monografia},
  Mendeley-tags            = {FAFICH,democracia,monografia}
}

@TechReport{smith2007,
  Title                    = {{Existing e-participation practices with relevance to web.dep}},
  Author                   = {Smith, E and Macintosh, A},
  Institution              = {International Teledemocracy Centre, Napier University},
  Year                     = {2007},

  Abstract                 = {This report is based on a sample of e-participation initiatives, both within and external to the European Union. It was scoped by looking for initiatives which are relevant to the context of the WEB.DEP project1 –specifically the forum. This context is a combination of the features arising from the situation (current and historical) in the Western Balkans and the outline specification of the WEB.DEP tools and related actors as described in the Technical Annex. This was summarised into 7 features, which were used to guide both our choice of Case Studies and the development of a framework for their analysis.},
  File                     = {:home/haydee/\'{A}rea de trabalho/Ref\_bib/Smith, Macintosh\_2007.pdf:pdf},
  Keywords                 = {FAFICH,monografia,participa\c{c}\~{a}o digital},
  Mendeley-tags            = {FAFICH,monografia,participa\c{c}\~{a}o digital},
  Pages                    = {1--37},
  Url                      = {http://itc.napier.ac.uk/itc/Documents/WEBDEP\_e-participation\_practices\_Annex.pdf}
}

@PhdThesis{SOUZA2007,
  Title                    = {{Cidade, Informa\c{c}\~{a}o, Internet e Pol\'{i}tica: uma An\'{a}lise de Sites Governamentais de Servi\c{c}os P\'{u}blicos da Cidade de Salvador}},
  Author                   = {de Souza, Leandro dos Santos},
  School                   = {Universidade Federal da Bahia},
  Year                     = {2007},

  Address                  = {Salvador},
  Type                     = {Disserta\c{c}\~{a}o de Mestrado},

  Keywords                 = {FAFICH,internet,monografia},
  Mendeley-tags            = {FAFICH,internet,monografia},
  Pages                    = {176}
}

@Book{SOUZA1991,
  Title                    = {Desenvolvimento de comunidade e participa\c{c}\~{a}o},
  Author                   = {Souza, Maria Luiza},
  Publisher                = {Cortez},
  Year                     = {1991},

  Address                  = {S\~{a}o Paulo},
  Edition                  = {3ª},

  Keywords                 = {direitos,fam\'{i}lia,juventude,pol\'{i}tica social}
}

@Book{STALLMAN2010,
  Title                    = {{Free Software, Free Society - Selected Essays of Richard M. Stallman}},
  Author                   = {Stallman, Richard M.},
  Publisher                = {GNU Press},
  Year                     = {2010},

  Address                  = {Boston},
  Edition                  = {2ª},

  Url                      = {http://www.gnu.org/doc/fsfs-ii-2.pdf}
}

@Article{TAMBINI1999,
  Title                    = {The civis networking movement},
  Author                   = {Tambini, Damian},
  Journal                  = {New Media and Society},
  Year                     = {1999},
  Number                   = {3},
  Pages                    = {305-329},
  Volume                   = {1},

  Owner                    = {haydee},
  Timestamp                = {2014.10.08}
}

@Book{TEIXEIRA2005,
  Title                    = {{Os Sentidos da Democracia e da Participa\c{c}\~{a}o}},
  Author                   = {Teixeira, Ana Claudia C.},
  Publisher                = {Instituto P\'{o}lis},
  Year                     = {2005},

  Address                  = {S\~{a}o Paulo},

  Keywords                 = {Avalia\c{c}\~{a}o de Gest\~{a}o,Conselhos Gestores de Pol\'{i}ticas,Democracia,Gest\~{a}o Lula,Gest\~{a}o Participativa,Participa\c{c}\~{a}o Cidad\~{a},Pol\'{i}ticas Sociais},
  Pages                    = {128},
  Url                      = {http://www.polis.org.br/uploads/1006/1006.pdf}
}

@InCollection{THOMAS2003,
  Title                    = {{Habitat Conservation Planning}},
  Author                   = {Thomas, Craig W.},
  Booktitle                = {Deepening Democracy: Institutional Innovations in Empowered Participatory Governance - The Real Utopias Project IV},
  Publisher                = {Verso},
  Year                     = {2003},

  Address                  = {London},
  Editor                   = {Fung, Archon and Olin, Wright Erik},
  Pages                    = {144--174},

  Keywords                 = {FAFICH,governan\c{c}a,monografia},
  Mendeley-tags            = {FAFICH,governan\c{c}a,monografia},
  Url                      = {http://archonfung.net/docs/DeepeningDemocracyAll.pdf}
}

@InCollection{MAY2011,
  Title                    = {{Interviewing: methods and process.pdf}},
  Author                   = {{Tim May}},
  Booktitle                = {Social Research - Issues Methods ans process},
  Publisher                = {Open University Press},
  Year                     = {2011},

  Address                  = {Berkshire},
  Chapter                  = {Interviewi},
  Edition                  = {4},
  Pages                    = {131--160},

  File                     = {:home/haydee/\'{A}rea de trabalho/Ref\_bib/Tim May\_2011.pdf:pdf},
  Keywords                 = {FAFICH,entrevista,monografia,m\'{e}todo},
  Mendeley-tags            = {FAFICH,entrevista,monografia,m\'{e}todo}
}

@Book{URBINATI2006,
  Title                    = {{Representative Democracy: Principles and Genealogy}},
  Author                   = {Urbinati, Nadia},
  Publisher                = {University of Chicago Press},
  Year                     = {2006},

  Address                  = {Chicago},

  Abstract                 = {It is usually held that representative government is not strictly democratic, since it does not allow the people themselves to directly make decisions. But here, taking as her guide Thomas Paine’s subversive view that “Athens, by representation, would have surpassed her own democracy,” Nadia Urbinati challenges this accepted wisdom, arguing that political representation deserves to be regarded as a fully legitimate mode of democratic decision making—and not just a pragmatic second choice when direct democracy is not possible.


As Urbinati shows, the idea that representation is incompatible with democracy stems from our modern concept of sovereignty, which identifies politics with a decision maker’s direct physical presence and the immediate act of the will. She goes on to contend that a democratic theory of representation can and should go beyond these identifications. Political representation, she demonstrates, is ultimately grounded in a continuum of influence and power created by political judgment, as well as the way presence through ideas and speech links society with representative institutions. Deftly integrating the ideas of such thinkers as Rousseau, Kant, Emmanuel Joseph Siey\`{e}s, Paine, and the Marquis de Condorcet with her own, Urbinati constructs a thought-provoking alternative vision of democracy. },
  Pages                    = {326},
  Url                      = {http://www.press.uchicago.edu/ucp/books/book/chicago/R/bo3793416.html}
}

@Book{VALLA1993,
  Title                    = {{Participa\c{c}\~{a}o Popular e os Servi\c{c}os de Sa\'{u}de: o Controle Social como Exerc\'{i}cio da Cidadania}},
  Author                   = {Valla, V\'{i}ctor Vincent(coord) and de Carvalho, Mari\^{a}ngela and de Assis, M\^{o}nica},
  Publisher                = {FIOCRUZ/ENSP},
  Year                     = {1993},

  Address                  = {Rio de Janeiro},

  Abstract                 = {Apresenta uma s\'{i}ntese de alguns dos principais pontos da experi\^{e}ncia, que o N\'{u}cleo de Educa\c{c}\~{a}o, Sa\'{u}de e Cidadania/G.T. Participa\c{c}\~{a}o Popular (Ensp/Fiocruz) vem desenvolvendo h\'{a} cinco anos. O eixo tem\'{a}tico da experi\^{e}ncia \'{e} a reflex\~{a}o sobre a educa\c{c}\~{a}o e sa\'{u}de, tendo como linha orientadora o fortalecimento da sociedade civil na luta por servi\c{c}os p\'{u}blicos de qualidade e pelos direitos fundamentais de cidadania. A inten\c{c}\~{a}o principal \'{e} contribuir para o debate sobre a participa\c{c}\~{a}o popular e sa\'{u}de e oferecer algumas pistas que possam estimular a\c{c}\~{o}es mais amplas em torno da defesa da sa\'{u}de e da qualidade de vida (AU).},
  Keywords                 = {participa\c{c}\~{a}o comunit\'{a}ria,pol\'{i}tica de sa\'{u}de,pol\'{i}tica social},
  Pages                    = {38},
  Url                      = {http://bases.bireme.br/cgi-bin/wxislind.exe/iah/online/?IsisScript=iah/iah.xis\&src=google\&base=LILACS\&lang=p\&nextAction=lnk\&exprSearch=160325\&indexSearch=ID}
}

@Article{VEIGA2007,
  Title                    = {{Os partidos brasileiros na perspectiva dos eleitores: mudan\c{c}as e continuidades na identifica\c{c}\~{a}o partid\'{a}ria e na avalia\c{c}\~{a}o das principais legendas ap\'{o}s 2002 }},
  Author                   = {Veiga, Luciana Fernandes},
  Journal                  = {Opini\~{a}o P\'{u}blica},
  Year                     = {2007},
  Number                   = {2},
  Pages                    = {340--365},
  Volume                   = {13},

  Keywords                 = {FAFICH, identidade partid\'{a}ria, perfil dos eleitores, avalia\c{c}\~{a}o de governo, avalia\c{c}\~{a}o dos partidos},
  Mendeley-tags            = {FAFICH,monografia},
  Url                      = {http://www.scielo.br/pdf/op/v13n2/a05v13n2.pdf}
}

@InCollection{WARREN2008,
  Title                    = {{Democracy and the State}},
  Author                   = {Warren, Mark. E.},
  Booktitle                = {The Oxford Handbook of Political Theory},
  Publisher                = {Oxford University Press},
  Year                     = {2008},

  Address                  = {Oxford},
  Editor                   = {Dryzek, John and Hong, Bonnie and Phillips, Anne},
  Pages                    = {382--399},

  Keywords                 = {FAFICH,democracia,monografia},
  Mendeley-tags            = {FAFICH,democracia,monografia}
}

@Book{WILHEM2000,
  Title                    = {Democracy in the digital age},
  Author                   = {Wilhem, Anthony G.},
  Publisher                = {Routledge},
  Year                     = {2000},

  Address                  = {Londres},

  Owner                    = {haydee},
  Timestamp                = {2014.10.08}
}

@InCollection{WRIGHT2003,
  Title                    = {{Thinking about Empowered Participatory Governance Archon}},
  Author                   = {Wright, Erik Olin and Fung, Archon},
  Booktitle                = {Deepening Democracy: Institutional Innovations in Empowered Participatory Governance - The Real Utopias Project IV},
  Publisher                = {Verso},
  Year                     = {2003},

  Address                  = {London},
  Editor                   = {Fung, Archon and Olin, Wright Erik},
  Pages                    = {3--43},

  Keywords                 = {FAFICH,governan\c{c}a,monografia},
  Mendeley-tags            = {FAFICH,governan\c{c}a,monografia},
  Url                      = {http://archonfung.net/docs/DeepeningDemocracyAll.pdf}
}

@Book{YIN2010,
  Title                    = {{Estudo de Caso: Planejamento e M\'{e}todo}},
  Author                   = {Yin, Robert K.},
  Publisher                = {Bookman},
  Year                     = {2010},

  Address                  = {Porto Alegre},
  Edition                  = {4ª},

  Abstract                 = {Esta obra se prop\~{o}e a apresentar o planejamento e o uso do m\'{e}todo estudo de caso como uma ferramenta de pesquisa v\'{a}lida. Sum\'{a}rio - Cap\'{i}tulo 1. Introdu\c{c}\~{a}o - Quando usar os estudos de caso como m\'{e}todo de pesquisa; O estudo de caso como m\'{e}todo de pesquisa; Compara\c{c}\~{a}o dos estudos de caso com outros m\'{e}todos de pesquisa nas ci\^{e}ncias sociais; Tipos diferentes de estudos de caso, com uma defini\c{c}\~{a}o comum; Resumo; Cap\'{i}tulo 2. Projeto dos estudos de caso - Identifica\c{c}\~{a}o e estabelecimento da l\'{o}gica do seu estudo de caso; Abordagem geral ao projeto de estudos de caso; Crit\'{e}rios para o julgamento da qualidade dos projetos de pesquisa; Projetos de estudo de caso; Conselho modesto na sele\c{c}\~{a}o dos projetos de estudo de caso; Cap\'{i}tulo 3. Prepara\c{c}\~{a}o para a coleta da evid\^{e}ncia do estudo de caso - O que \'{e} necess\'{a}rio antes de dar in\'{i}cio \`{a} coleta dos dados do estudo de caso; O pesquisador do estudo de caso - habilidades desejadas; Prepara\c{c}\~{a}o e treinamento para um estudo de caso espec\'{i}fico; O protocolo para o estudo de caso; Triagem dos 'casos' candidatos para seu estudo de caso; O estudo de caso-piloto; Resumo; Cap\'{i}tulo 4. Coleta da evid\^{e}ncia do estudo de caso - Princ\'{i}pios que devem ser seguidos no trabalho com seis fontes de evid\^{e}ncia; Seis fontes de evid\^{e}ncia; Tr\^{e}s princ\'{i}pios da coleta de dados; Resumo; Cap\'{i}tulo 5. An\'{a}lise da evid\^{e}ncia do estudo de caso - Como iniciar sua an\'{a}lise, suas escolhas anal\'{i}ticas e como elas funcionam; Estrat\'{e}gia anal\'{i}tica - mais do que familiaridade com as ferramentas anal\'{i}ticas; Cinco t\'{e}cnicas anal\'{i}ticas; Exigindo uma an\'{a}lise de alta qualidade; Resumo; Cap\'{i}tulo 6. Relat\'{o}rio dos estudos de caso - Como e o que compor; P\'{u}blico-alvo dos relat\'{o}rios de estudo de caso; Relat\'{o}rios de estudo de caso como parte de estudos maiores de multi m\'{e}todos; Estruturas ilustrativas para a composi\c{c}\~{a}o dos estudos de caso; Procedimentos na realiza\c{c}\~{a}o do relat\'{o}rio do estudo de caso; O que torna exemplar um estudo de caso?; Refer\^{e}ncias; \'{I}ndice de autores; \'{I}ndice de assunto.},
  Pages                    = {248}
}

