@book{shore2007art,
  title={The art of agile development},
  author={Shore, James and others},
  year={2007},
  publisher={O'Reilly Media, Inc.}
}
@misc{edemocracia,
author = {{C\^amara dos Deputados}},
keywords = {},
title = {{Portal e-democracia}},
url = {http://edemocracia.camara.gov.br},
urldate = {10/08/2014},
year = {2009}
}
@misc{participabr,
author = {{Secretaria da Presid\^encia da Rep\'ublica}},
keywords = {},
title = {{Participa.br}},
url = {http://participa.br},
urldate = {10/08/2014},
year = {2013}
}
@misc{gabinetedigital,
author = {{Secretaria-Geral de Governo do Rio Grande do Sul}},
keywords = {},
title = {{Gabinete Digital}},
url = {http://gabinetedigital.rs.gov.br/},
urldate = {10/08/2014},
year = {2011}
}